2205 3578
422 289 609 324 PROLEGOMENA.
860 288 919 321 LXXI

123 401 175 443 esse,
185 388 241 444 quod
250 402 264 431 a
273 389 398 444 quibusdam
408 387 490 431 exRob.
496 387 598 444 Stephani
608 386 708 430 mandato
718 386 805 440 eiusque
810 385 928 442 sumptibus

122 465 247 508 recensitum
261 469 386 520 auotumque
400 466 433 521 sit,
449 467 484 520 qui
499 465 563 508 etiam
577 465 655 520 ubique
669 463 745 520 eapitis
759 476 845 506 numero
857 476 928 506 nume-

122 555 168 584 rum
181 542 279 585 versieuli
293 542 449 598 atlsoripserint,
464 555 505 597 quo
518 542 575 585 loeus
590 541 667 584 allatus
679 541 705 603 in
712 553 772 583 saoro
782 538 861 582 Oodioe
869 538 928 582 faeil-

120 617 169 661 lime
184 605 319 662 inveniretur.

52 680 53 684 Ἰ
76 702 78 704 “
147 696 168 748 8)
179 695 240 745 Hune
255 695 349 739 laborem
362 696 432 752 operis
444 695 562 738 Betuleiaui
571 694 690 750 corripiendi
703 708 745 737 non
755 693 783 737 ab
796 694 843 750 ipso
857 694 926 737 Hen-

120 772 174 815 rioo
189 772 324 833 Stephano
339 786 385 816 esse
399 775 525 828 susoeptum,
539 772 629 828 prirnum
642 785 667 814 ex
683 784 707 814 eo
717 770 800 826 oolligo,
813 770 870 825 quod
879 771 926 826 ipse

119 848 141 890 in
156 849 287 905 praelatione
301 862 339 892 sua
353 849 392 893 hoe
406 863 448 893 non
462 850 518 892 olare
532 849 638 903 inornat‚¹
657 848 695 890 sed
713 847 740 890 de
754 848 793 890 hoo
807 847 860 890 libro
876 848 925 891 seri-

118 925 150 968 bit
164 928 264 981 tanquam
279 926 305 969 de
319 940 382 982 opere
397 940 410 968 a
423 929 484 982 patre
498 926 539 969 sibi
553 925 663 979 domitet-o,
683 924 739 980 quod
757 925 824 979 ipsius
840 924 925 968 nomine

118 1002 177 1057 edat3
195 1002 272 1046 deinde
290 1003 318 1045 ad
335 1002 391 1046 hane
409 1002 535 1046 sententiam
550 1015 584 1045 me
602 1004 734 1044 oomnrovent
753 1004 878 1056 argumenta
897 1001 924 1044 ab

117 1080 204 1124 Erasmo
218 1080 326 1125 Sohmiclio
340 1081 450 1137 proposita
468 1082 498 1134 (et
516 1079 571 1122 inira
589 1079 712 1135 afferenda),
730 1093 807 1135 nempe
825 1080 924 1135 permulti

116 1157 229 1212 magnique
243 1171 322 1201 errores
338 1158 360 1200 iu
374 1158 414 1201 hoo
428 1171 491 1213 opere
506 1157 569 1212 obvii,
584 1157 606 1199 in
621 1169 673 1211 quos
691 1156 723 1199 vir
738 1157 774 1199 ille
789 1156 923 1200 doetissimus

48 1264 49 1267 ,
116 1233 187 1276 induoi
202 1247 244 1277 non
258 1227 366 1289 potuisset.

168 1310 214 1353 Hoo
234 1323 286 1366 opus
306 1325 324 1353 a.
345 1312 402 1352 1594.
430 1309 519 1353 Parisiis
537 1309 616 1366 prodiit
638 1309 706 1353 forma
728 1309 823 1353 maxima
842 1311 873 1354 sio
891 1311 922 1353 in-

114 1386 225 1442 seriptum:

132 1478 134 1481 ’
194 1474 362 1518 Ooneordantiae
374 1476 376 1530 l
389 1460 519 1518 Testamenti
533 1475 600 1530 Novi,
613 1477 615 1528 l
628 1474 795 1519 Graeeolatinae.

226 1572 227 1575 ¹
247 1551 309 1594 Nrrne
327 1551 418 1607 primum
430 1551 507 1608 plenae
520 1550 599 1594 editae:
621 1554 641 1594 et
655 1549 691 1593 diu
705 1551 756 1594 mul·
769 1552 772 1604 l
785 1555 870 1606 tumque
885 1552 920 1596 de-

247 1627 362 1683 sideratae,
383 1631 406 1670 vt
427 1628 520 1683 optimae
538 1627 601 1671 duoes
615 1627 617 1682 l
629 1628 657 1670 ad
675 1641 747 1671 ueram
766 1642 841 1671 roeum
864 1628 921 1672 illius

247 1704 400 1760 interpretatio-
413 1705 415 1759 Ι
427 1717 475 1747 nem
490 1703 577 1748 futurae.

193 1793 221 1833 In
235 1791 269 1834 Iris
283 1791 335 1849 poelt
345 1793 472 1847 praestitura
486 1792 526 1845 sr't,
535 1793 637 1849 prraeflao
651 1793 681 1834 cod
694 1792 789 1835 lectorem
802 1793 805 1848 Ι
817 1792 906 1849 apostola

485 1869 549 1912 docet.

200 1946 279 2002 (Infio
296 1946 347 1988 laec
363 1945 422 1988 titulo
437 1946 584 2002 antepositam
599 1954 630 1988 est
642 1946 710 1988 Henr.
725 1946 831 2003 Stephani

318 2059 320 2063 a
392 2021 522 2079 tppopraplra'
530 2023 636 2080 Iast'pno)

244 2100 278 2142 Ex
287 2098 443 2155 Typographeo
452 2098 515 2142 Hem.
525 2099 633 2155 Stephani.
647 2101 650 2152 Ι
662 2101 725 2141 Arane
737 2099 767 2141 M.
778 2100 806 2141 D.
813 2100 917 2143 XOHH.

163 2177 209 2219 Hoo
223 2189 286 2231 opus,
305 2174 361 2230 quod
374 2189 400 2218 err
418 2174 551 2218 Bibliotheca
564 2175 661 2218 Mariana
675 2175 764 2219 Halensi
783 2177 806 2218 in
820 2177 918 2221 manibus

110 2253 189 2308 habeo,
212 2252 305 2300 eontinet
325 2253 363 2293 137
386 2251 494 2307 plagulas,
515 2264 602 2306 quarum
620 2251 675 2294 (lirae
695 2252 775 2308 priores
794 2256 845 2296 nota
864 2255 909 2308 (..)

110 2333 192 2373 oeterae
210 2329 286 2371 litteris
305 2329 382 2383 A—Z‚
401 2328 521 2383 Ari-W,
540 2341 628 2382 quarum
648 2341 744 2383 qrraeque
762 2333 805 2372 tres
818 2330 916 2386 plagulas

109 2407 130 2459 (6
144 2406 203 2459 folia)
223 2404 377 2461 eompleotitur‚
400 2405 497 2460 signatae
518 2408 572 2447 suut.
607 2405 655 2448 Duo
674 2406 743 2461 prima
764 2406 816 2449 folia
834 2406 917 2449 titulum

139 2557 188 2592 ¹'An
200 2567 252 2592 nnus
266 2554 332 2601 loeus,
353 2555 386 2606 qni
401 2568 461 2605 prope
476 2556 536 2593 finem
549 2555 679 2605 praelationis
693 2556 779 2604 legitur,
798 2558 916 2596 senteutiam

108 2635 171 2659 meam
180 2634 239 2671 supra
246 2622 366 2671 propositam
380 2622 465 2669 refellat,
478 2623 557 2661 lectoris
571 2623 645 2662 iudicio
657 2623 755 2673 permitto.
780 2623 846 2662 Verba
855 2623 915 2662 huius

107 2686 145 2724 loei
155 2690 211 2724 suut:
227 2688 266 2731 „At
280 2687 312 2724 hio
326 2687 411 2734 interim,
426 2688 513 2726 locorum
528 2687 549 2726 in
564 2689 634 2739 quibus
650 2689 718 2727 eadem
730 2703 767 2728 vox
776 2689 854 2738 legitur7
869 2689 915 2727 fide-

108 2750 133 2788 lis
152 2750 240 2789 recensio
260 2750 296 2788 tibi
311 2752 373 2790 datur.
406 2753 433 2791 Ut
452 2755 518 2790 autem
533 2766 568 2790 nos
584 2756 624 2791 tam
638 2753 722 2792 fideliter
741 2767 787 2802 erga
805 2757 825 2792 te
844 2766 914 2803 gerere

108 2828 220 2865 possemus,
240 2817 273 2865 [de
288 2829 319 2854 me
331 2816 382 2854 enim
396 2830 435 2855 non
448 2817 513 2855 minus
530 2830 588 2868 quam
602 2818 626 2855 de
640 2820 696 2867 patre
710 2819 741 2856 hie
756 2819 835 2870 loquor)
851 2831 913 2857 unum

107 2880 200 2931 idemque
212 2880 305 2919 orationis
320 2893 356 2918 seu
371 2882 478 2920 membrum
493 2881 620 2920 senineisum
634 2883 784 2922 exscribendum
799 2883 856 2923 toties
870 2884 913 2923 sere

33 2957 34 2960 ¹
107 2944 147 2983 fuit
160 2947 207 2996 quot
218 2945 239 2984 in
254 2960 277 2985 eo
291 2960 348 2986 voees
365 2950 438 2997 erant.“
