2205 3578
440 278 626 314 PROLEGOMENA.

506 378 562 421 Ant.

182 456 251 494 Ierem.
262 456 277 493 I.
287 456 305 493 b.
326 458 366 495 Aea
373 456 456 495 Domine
465 457 519 495 Deus
530 470 574 495 ecce
584 458 650 496 nescio
660 457 714 509 loqui
724 458 770 509 quie
779 472 829 509 puer
839 472 874 507 ego
887 472 935 497 sum.

181 520 236 558 XlV.
252 520 269 558 d.
298 522 338 559 naa
357 521 440 560 Domine
458 522 513 561 Deus
532 524 640 573 prophetae
661 522 729 561 dicunt
744 522 772 561 eis
787 537 825 562 non
844 523 935 562 videbitis
977 548 981 553 ›

236 573 328 622 gladium,
343 578 363 612 et
376 575 438 613 tames
452 575 541 615 in'vebin
553 589 591 614 non
610 577 652 617 erit.

161 659 162 662 =
182 639 239 677 Ezec.
253 639 286 678 lv.
301 639 314 677 f.
342 642 383 677 naa
398 640 481 679 Domine
494 642 547 679 Deus
561 642 681 683 animamea
694 655 733 680 non
748 644 783 680 est.

182 703 243 741 Iohel.
258 704 273 744 I.
289 704 302 742 f.
332 706 372 743 Aea
387 705 426 743 diei
441 705 487 757 quie
501 719 562 756 prope
576 709 608 745 est
622 706 663 744 dies
677 705 762 744 Domini.

486 804 577 848 Annon.

147 920 148 923 ,
182 881 230 920 Exo.
244 882 277 920 IV,
291 895 305 919 c
333 871 397 921 Aaron
412 881 474 920 frater
488 886 535 921 tuus
550 883 634 931 Levites,
650 883 689 921 scio
705 884 757 935 quod
772 883 866 934 eloquens
879 882 909 921 sit.

183 959 200 994 g,
216 945 271 984 llixit
286 945 380 984 Dominus
392 947 417 984 erl
430 951 451 984 Α.
465 947 513 985 vade
532 947 552 985 in
565 960 666 986 occursum
681 946 744 997 Mopsi
757 946 778 984 in
792 947 895 986 desertum.

184 1010 226 1048 VII.
241 1023 257 1048 a.
269 1012 294 1053 Λ.
309 1012 369 1049 frater
383 1014 429 1049 tuns
443 1011 480 1050 erit
493 1013 589 1062 propheta
603 1016 655 1050 tuus,

182 1075 247 1113 xvir,
262 1075 275 1112 f.
297 1077 318 1113 A.
335 1080 354 1114 ct
366 1076 409 1113 Hur
423 1077 560 1114 sustentabant
574 1089 648 1115 manus.
666 1079 703 1115 ete.

189 1149 223 1192 Ar
241 1148 303 1193 finem
320 1147 467 1193 vocabulorum
484 1150 545 1193 huius
565 1151 646 1193 litterae
664 1152 683 1193 A
700 1151 776 1206 legitur
795 1151 869 1195 eodem
888 1152 935 1195 cha-

136 1230 225 1269 ractere:
235 1225 412 1282 'Enptter'rttrraa
421 1227 447 1280 A,
462 1244 523 1283 qnam
535 1228 628 1284 perfecit
640 1227 718 1268 Frater
729 1228 755 1269 R.
765 1228 790 1270 ele
804 1228 935 1284 Sterccncsbp.

190 1302 243 1346 Cum
266 1307 336 1346 autem
359 1303 412 1346 haec
435 1304 502 1346 altera
526 1301 813 1347 Oenoortlantiarnm'·forma
831 1305 936 1348 videretur

136 1380 237 1435 prolixior
252 1384 272 1422 et
282 1380 389 1422 volumina
403 1380 488 1423 maioris
502 1380 562 1423 melis
578 1381 706 1436 exquireret,
719 1395 761 1423 non
772 1386 884 1437 arigmcrrto
899 1382 936 1425 ali-

137 1470 184 1511 quo,
195 1470 237 1500 nen
249 1456 411 1512 locupletatione
419 1457 468 1509 nlla,
479 1457 516 1500 secl
527 1457 642 1500 resectione
651 1458 720 1513 potins
733 1459 779 1500 visa
792 1461 824 1501 est
835 1458 936 1514 indigere,

137 1547 162 1576 ao
173 1537 283 1589 praeterea
296 1534 350 1576 inter
364 1534 435 1590 capita
444 1534 540 1577 breviora
550 1538 571 1577 et
582 1535 677 1589 longiora
688 1534 798 1577 discrimen
811 1534 937 1589 habendum,

137 1610 189 1653 haee
203 1610 288 1665 quidem
302 1614 325 1652 nt
337 1615 399 1652 antea
411 1615 491 1666 septem
505 1611 609 1666 prioribus
624 1611 731 1666 alphabeti
746 1611 826 1664 litteris,
841 1611 878 1653 illa
887 1625 936 1654 vero

137 1691 226 1742 quatuor
244 1691 325 1729 tantum
343 1686 487 1730 discernenda.
512 1687 553 1739 Qui
570 1688 625 1730 lianc
639 1688 774 1740 mutationem
788 1688 889 1743 suscepit,
908 1688 936 1730 le-

138 1768 204 1806 ctores
219 1763 283 1806 etiam
297 1763 324 1806 cle
338 1763 378 1806 hac
392 1777 414 1806 re
426 1777 510 1807 moriere
524 1764 591 1816 veluit
602 1764 666 1807 hacce
681 1763 857 1819 praelationcnla:

191 1841 295 1895 „Cuilibet
313 1824 391 1883 volenti
409 1840 514 1895 requirere
532 1840 691 1883 concordantias
705 1841 727 1882 in
742 1840 781 1883 lroc
794 1840 858 1894 libro,
874 1853 937 1883 rmum

138 1921 170 1960 est
187 1917 282 1973 primitus
301 1917 462 1970 attendendum,
480 1917 580 1959 videlieet
595 1916 650 1971 qnod
666 1930 712 1959 cum
728 1917 836 1972 inprimis
855 1930 939 1960 concor
981 1907 982 1911 ¹

138 1994 222 2049 clantiis,
239 2007 292 2048 qnae
305 1994 401 2037 dicuntur
415 1993 576 2037 concordantiae
591 1994 658 2036 sancti
672 1993 750 2046 iacobi,
764 1992 872 2048 quodlibet
880 1993 936 2049 capi-

138 2072 203 2114 tnlnrn
217 2071 333 2127 inseptern
347 2070 460 2126 particulas
474 2059 620 2125 distorquetur,
635 2070 750 2113 secundum
763 2073 843 2125 septem
859 2069 937 2124 primas

138 2149 209 2191 literas
224 2147 331 2203 alphabeti
345 2146 443 2190 videlicet
458 2160 481 2199 a,
496 2147 519 2201 b,
536 2160 556 2199 c,
571 2146 595 2201 cl,
610 2160 632 2201 e,
648 2147 666 2200 l',
679 2161 698 2201 g.
713 2179 715 2182 .
732 2147 756 2189 In
770 2148 811 2188 iste
826 2159 889 2201 opere
901 2159 939 2201 per

139 2225 234 2267 eumdem
252 2224 336 2267 modum
354 2228 375 2266 ct
393 2225 415 2266 in
433 2222 519 2266 totidem
539 2224 653 2278 particulas
671 2222 826 2277 distinguuntur
846 2223 939 2278 capitula

139 2302 234 2357 longiora
249 2302 269 2343 in
285 2304 364 2356 septem
380 2304 451 2355 partes
465 2301 570 2355 aequales⁷
584 2300 677 2355 capitula
687 2313 735 2342 vero
749 2299 844 2342 lneviera
856 2302 937 2341 tantum

139 2379 161 2421 in
174 2382 244 2434 partes
259 2380 347 2432 quatuor
361 2377 522 2432 distinguuntur,
538 2376 636 2419 videlicet
650 2377 671 2418 in
687 2390 706 2430 a,
719 2376 739 2429 b,
751 2389 768 2429 c,
778 2375 798 2430 cl,
812 2379 835 2418 nt
848 2375 938 2418 breviori

140 2455 232 2510 capitulo
250 2455 272 2496 in
292 2458 380 2508 quatuor
397 2456 468 2509 partes
484 2453 583 2507 aequales
596 2452 675 2506 suerso,
695 2466 714 2494 a.
728 2446 937 2507 primam'contincat

139 2536 229 2587 partem:
247 2531 267 2573 b.
283 2544 332 2573 vero
347 2529 459 2573 secundam
473 2543 526 2583 qnae
540 2543 553 2571 a
567 2530 670 2585 principio
685 2528 779 2583 recedat,
799 2532 820 2571 et
833 2541 898 2583 usque
911 2528 939 2571 ad

138 2608 230 2651 medium
244 2607 390 2662 pretemlatur:
410 2621 426 2650 o.
441 2616 491 2648 rere
506 2606 591 2649 receclat
606 2619 619 2648 a
633 2604 712 2659 medio,
728 2610 748 2648 et
761 2609 841 2660 partem
855 2605 938 2648 tertiam

140 2686 246 2729 contineat
260 2683 346 2740 orqiituli
359 2681 471 2726 brevioris:
492 2682 511 2724 (l.
523 2697 572 2725 rere
585 2687 633 2738 post
646 2673 728 2724 tertiam
742 2686 824 2737 partem
838 2682 903 2737 usque
917 2682 939 2723 in
986 2726 989 2732 ,
1008 2737 1011 2742 ¹

139 2762 202 2805 linem
216 2761 303 2817 errpituli
318 2759 473 2816 protendatnr·‚“

193 2839 251 2881 Haec
261 2837 427 2893 praetatinncula
436 2836 458 2878 in
468 2835 628 2879 Gorrcerclantiis
639 2836 708 2878 seculo
717 2835 776 2877 Xlll.
786 2838 885 2889 vergente
895 2834 937 2877 MS.

141 2922 162 2959 et
176 2915 328 2970 vulgatioribus
342 2913 442 2969 deinceps
456 2913 529 2967 tactis,
544 2916 588 2955 tum
601 2912 624 2954 in
638 2912 711 2968 primis
726 2910 754 2954 acl
769 2911 860 2955 seculum
875 2922 940 2965 nsque
