2205 3578
177 271 258 306 0111111
452 322 453 325 ¹
496 274 683 309 eaoauconoun.

184 370 304 414 cabalorum
321 384 347 415 011
361 372 465 428 prioribus
481 373 639 416 Concordantiis
653 372 764 428 Agricolae
784 377 804 416 et
816 373 881 416 Zeisii
893 376 986 416 retentus
1035 402 1037 407 .

184 451 222 502 est,
237 460 308 491 omnes
323 451 393 492 autem
409 449 449 492 looi
463 449 490 493 ab
504 453 588 493 auctore
608 450 676 493 denuo
690 450 793 506 explorati
812 453 869 503 sunt,
889 450 986 506 permulti

185 526 207 568 in
222 525 337 569 novissima
350 539 432 582 quicque
447 526 538 570 editione
547 527 597 570 anni
611 529 665 569 roll.
680 527 750 570 omissi
764 526 838 582 additi,
854 527 897 570 illie
911 527 986 571 vitiose

184 602 271 658 allegati
288 602 323 646 hic
341 603 457 658 emendati,
474 604 569 659 integrae
587 617 661 659 voees,
680 604 776 660 inprimis
794 604 921 659 Perimulae,
939 618 986 648 oum

185 681 228 723 suis
235 680 287 724 loeis
295 681 338 724 illie
346 682 506 738 praetermissae
513 682 548 725 hie
557 686 653 738 receptae
668 686 721 725 sunt.
741 682 946 726 Praetereavoeibus
961 682 985 724 11-
1048 731 1049 734 ,

185 757 274 800 talorum
293 758 359 801 instar
378 758 512 815 alphabetico
532 758 605 802 ordine
628 759 741 815 propositis
765 759 860 815 proxime
878 758 985 802 subiunxit

183 833 276 877 indicem
286 834 431 878 hebraicarum
444 839 465 878 et
479 848 688 891 graeemumvoeum,
703 848 755 890 1101
766 835 868 886 Lutherus
882 836 919 878 illa
933 849 985 880 voce

184 912 306 966 germanica
323 912 429 955 transtulit
446 912 503 967 (vide
523 925 586 968 supra
599 926 620 968 p.
632 913 733 956 LXXXV
746 925 783 968 sq.²
800 913 836 956 ubi
855 912 882 956 de
902 912 942 956 hae
962 927 984 956 re

185 987 244 1042 dixi).
264 988 350 1032 Praeter
364 989 444 1032 litteras
457 1002 544 1045 graecas
559 992 580 1032 et
594 989 677 1045 latinas,
692 989 740 1033 illas
755 1002 816 1033 voees
825 990 881 1033 hebr.
894 994 915 1033 et
924 1003 983 1045 grae-

185 1078 220 1108 001
234 1065 380 1120 indigitantes,
396 1080 449 1122 quae
464 1066 552 1121 singulis
566 1057 618 1109 loeis
631 1066 715 1116 biblieis
728 1066 829 1122 adscripti
844 1071 901 1122 sunt,
918 1052 982 1110 1110-

185 1145 229 1185 etor
240 1147 359 1197 eognoscat,
374 1156 477 1197 quaenam
492 1143 548 1187 hebr.
564 1144 598 1187 vel
612 1157 689 1199 graeca
702 1157 743 1186 vox
753 1144 885 1198 germanicae
898 1144 984 1187 Lutheri

184 1219 203 1261 h.
212 1219 225 1261 l.
240 1219 377 1274 respondeat,
396 1220 501 1270 invenitur
519 1220 582 1262 etiam
600 1233 671 1263 earum
684 1219 729 1263 loeo
744 1220 855 1263 asteriscus
870 1220 912 1274 (uel
927 1220 983 1275 duo),

184 1296 220 1339 ubi
235 1296 256 1338 in
270 1296 328 1340 hebr.
342 1298 376 1341 vel
394 1290 469 1353 graeco
489 1300 547 1340 textu
566 1297 609 1353 (vel
626 1296 649 1339 in
667 1297 762 1351 utroque)
781 1297 839 1339 nulla
858 1300 926 1340 exstat
942 1310 984 1341 vox

180 1374 320 1429 'gennanieae
334 1375 354 1417 h.
368 1375 381 1424 l,
395 1373 530 1430 respondens.
543 1399 569 1404 -
587 1373 670 1417 ibidem
683 1373 756 1417 lectori
771 1373 881 1429 indicatur,
895 1374 934 1417 has
949 1386 984 1417 au-

184 1451 247 1495 010111
262 1450 427 1495 Concordantias
442 1451 573 1507 germanicas
587 1464 633 1494 esse
647 1451 705 1506 prins
718 1450 820 1494 Volumen
834 1450 919 1494 maioris
936 1463 984 1507 ope·
1012 1487 1014 1491 Α

183 1529 212 1572 111
226 1529 269 1571 iam
282 1528 376 1584 perfecti,
390 1528 448 1571 ouius
462 1528 549 1570 alterum
557 1527 658 1570 Volumen
673 1527 795 1582 bipartitum
808 1527 830 1569 in
845 1527 909 1583 priori
924 1530 984 1583 parte

183 1605 298 1649 seeundum
311 1606 422 1649 hebraicas
436 1618 509 1660 10001,
527 1605 549 1647 11
568 1605 634 1648 011010
652 1604 765 1647 secundum
780 1617 866 1660 graecas
881 1604 992 1659 digestum

184 1682 217 1725 sit.
237 1682 351 1737 Utriusque
364 1682 430 1738 partis
445 1682 561 1738 specimina
575 1682 693 1735 afferuntur,
709 1694 734 1724 ex
749 1681 824 1735 quibus
837 1682 901 1724 lector
915 1685 984 1724 aueto-

183 1760 212 1803 ris
227 1759 347 1803 methodum
361 1759 472 1815 intelligat.
499 1759 566 1802 Huius
580 1758 665 1801 alterius
679 1757 795 1801 Voluminis
808 1771 914 1812 nunquam
926 1757 983 1813 typis

183 1837 276 1892 evulgati
290 1836 387 1892 Epitome
402 1849 448 1880 esse
462 1835 545 1879 videtur
564 1831 616 1878 illud
631 1848 683 1891 opus
697 1848 760 1891 supra
778 1848 799 1890 p.
812 1834 923 1878 LXXXIV
939 1840 983 1890 sqq.

181 1913 313 1956 recensitum.
329 1938 354 1943 -
368 1913 413 1956 Fol.
429 1914 459 1957 16
474 1912 559 1955 exhibet
565 1912 636 1955 Vitam
650 1911 740 1955 auctoris
755 1911 855 1966 scriptam
868 1912 895 1955 ab
909 1911 982 1955 Hieross

182 2003 245 2045 nymo
259 1989 394 2045 Xromayero.

232 2066 326 2121 Paginae
341 2066 408 2121 ipsius
422 2066 502 2122 operis,
517 2065 573 2120 qrrod
591 2064 625 2108 fol.
640 2066 660 2116 ,X
674 2065 794 2122 1111101111,
811 2065 885 2109 eadem
902 2066 984 2109 ratione

182 2144 240 2185 0011
253 2142 357 2198 prioribus
371 2143 483 2198 Agricolae
498 2147 518 2185 et
533 2142 632 2185 Ζο111111
646 2145 689 2185 tres
703 2143 809 2185 columnas
823 2141 885 2185 lineis
899 2154 983 2198 separa-

181 2224 214 2263 tas
229 2219 311 2262 divisae
326 2223 380 2274 sunt,
395 2233 482 2275 quarum
497 2232 592 2274 quaeque
607 2219 675 2262 denuo
690 2218 799 2262 subdivisa
810 2222 842 2261 est
855 2218 878 2261 in
892 2218 945 2261 duas
958 2218 982 2261 li-

181 2296 227 2339 neis
243 2296 359 2339 seiunctas:
373 2310 436 2339 unam
450 2298 560 2351 angustam
574 2309 588 2338 a
602 2295 692 2347 sinistra,
708 2295 794 2338 alteram
809 2295 873 2338 multo
887 2295 982 2338 latiorem

182 2388 195 2416 a
210 2374 291 2417 dextra.
318 2374 343 2416 In
357 2374 395 2416 illa
407 2374 493 2416 nomina
506 2374 606 2417 librorum
619 2373 743 2417 biblioorum
757 2376 777 2415 et
790 2372 870 2416 numeri
884 2373 983 2429 capitum,

181 2451 203 2493 in
217 2451 258 2493 hae
267 2450 359 2506 praefixo
373 2463 470 2493 versuum
483 2463 568 2493 numero
580 2451 645 2493 verba
656 2450 748 2493 locorum
756 2450 925 2504 afferuntur,suh
940 2450 981 2493 111-

181 2527 325 2585 gulistitulis,
343 2527 431 2582 quaein
445 2527 514 2570 medio
526 2527 595 2570 lineae
609 2527 690 2583 positae
708 2527 822 2570 maioribus
835 2527 892 2583 typis
907 2527 934 2570 ab
948 2527 982 2570 his

181 2604 251 2647 verbis
265 2603 349 2647 biblieis
363 2604 477 2647 subiunctis
491 2604 652 2659 distingrurntur.
679 2603 779 2659 Singulae
794 2602 902 2647 columnae
916 2604 982 2647 tribus

181 2681 256 2723 litteris
270 2680 387 2724 initialibus
401 2694 476 2724 100111
489 2681 511 2722 in
525 2680 551 2723 iis
565 2681 676 2723 allatarum
689 2680 802 2735 inscriptae
821 2684 874 2724 sunt.
902 2680 980 2723 Dictio-

181 2770 219 2800 nes
234 2756 307 2800 eodem
321 2756 382 2800 modo
395 2758 417 2799 in
432 2757 480 2800 aliis
496 2757 592 2801 uersibus
610 2757 703 2800 eiusdem
722 2757 797 2812 eapitis
818 2761 854 2799 aut
868 2757 915 2799 aliis
929 2756 980 2800 loeis

181 2837 312 2877 occurrentes
324 2834 388 2877 semel
401 2835 454 2889 ipsis
466 2834 537 2877 verbis
551 2833 674 2889 afferuntur,
689 2833 711 2875 in
726 2847 812 2889 quorum
825 2834 866 2876 h'ne
881 2821 981 2890 adseripti

181 2914 230 2955 sunt
241 2923 314 2954 versus
329 2910 407 2966 aliique
421 2911 473 2966 loci,
486 2910 523 2955 uhi
537 2911 639 2967 repetitae
651 2923 675 2954 su
690 2913 704 2953 t.
