2205 3578
391 259 589 318 'Pnonuconnun

260 382 278 423 o.
291 380 352 423 Aliae
365 381 488 424 Editicncs¹
508 384 529 423 et
543 380 646 424 eiusmodi
660 381 736 437 Opera.

148 469 174 512 In
193 468 368 523 praecedentibus
387 483 423 513 eas
445 470 610 513 Ooneordantias
630 470 707 512 latinas
724 469 830 524 recensui,
850 481 903 523 qrras

20 564 22 566 ·
56 592 58 596 Α
95 545 177 602 ipsein
191 546 288 588 manibus
302 545 381 601 habeo,
396 560 452 589 nunc
466 546 521 589 addo
536 559 579 601 eas,
593 560 647 601 quae
663 560 676 588 a
690 546 724 588 Le
738 545 813 600 Long
826 545 865 597 ll,
881 543 901 600 p.

95 624 134 664 457
149 634 186 676 sq,
204 622 320 678 Lipenio
336 623 358 665 in
374 623 507 667 Bibliotheca
525 623 577 666 reali
590 622 710 678 theologica
724 623 784 665 Tom.
795 623 811 665 I.
829 636 849 677 p.
862 622 901 663 381

95 712 125 754 sq.
141 701 162 741 et
177 699 295 742 Pannero
310 700 332 741 in
346 699 464 743 Annalibus
485 700 645 755 typographicis
659 699 705 742 Vol.
715 699 750 741 Vl.
760 699 807 741 Vll.
816 699 854 741 IX.
863 698 901 740 XI.

94 776 186 820 breviter
200 776 266 819 titulis
282 777 325 819 suis
339 781 483 831 recensentur,
500 776 552 818 mihi
570 780 641 819 autem
654 775 747 818 nondum
763 778 865 818 venerunt
879 774 901 816 in

95 850 235 908 conspectum.
257 853 326 895 Altero
340 866 376 895 eas
386 853 463 908 partim
479 852 594 896 seeundum
610 868 712 894 (tortorum
728 851 804 894 seriem
824 851 901 907 partim

94 928 208 972 secundum
221 931 294 984 crudus,
313 930 336 971 in
355 929 430 984 quibus
448 929 581 985 prodierunt,
599 929 676 985 partim
696 927 810 971 seeundum
829 940 901 970 earum

94 1006 184 1047 editores
198 1005 232 1048 vel
246 994 347 1048 cattorosco.

175 1082 342 1125 Ooncordantiae
357 1082 473 1126 Biblicrum
487 1087 508 1126 et
522 1083 637 1126 Canonum.
665 1082 784 1136 Bononiae,
804 1075 900 1137 Hugouis

228 1158 254 1202 de
270 1159 363 1202 Colonia.
380 1161 435 1201 1179.
450 1160 565 1220 lleAEol.
879 1217 882 1221 ¹

175 1234 341 1277 Oonoordantiae
364 1235 461 1290 Magnae.
497 1235 659 1290 Norimbergae,
681 1234 768 1277 Antonii
787 1235 899 1289 Ooburger.
922 1292 925 1297 ἱ

231 1312 355 1353 11851187.
370 1311 415 1354 nol.

174 1386 341 1430 Concordantiae
360 1387 486 1441 Bibliorum,
512 1387 581 1430 studio
593 1388 673 1443 vdoun.
693 1387 898 1430 Nivicellensis.

151 1514 154 1518 .
227 1464 324 1507 Basileae
341 1464 398 1506 1189.
412 1465 458 1507 Fol.

175 1540 342 1584 Concordantiae
356 1540 446 1584 maiores
461 1554 508 1584 eum
527 1541 685 1584 declinabilium
703 1544 748 1584 tum
761 1541 899 1584 indeclinabi-
959 1558 963 1581 ς

227 1617 278 1659 lium
292 1617 399 1671 utriusque
414 1618 544 1660 Testamenti
559 1617 674 1679 dictionum
685 1618 802 1673 praemissa
816 1617 898 1673 praeta-

227 1694 283 1736 tione
290 1694 322 1736 Jo.
330 1694 430 1736 Frobenii
445 1693 537 1747 editoris,
551 1707 600 1749 pars
614 1694 707 1737 secunda
717 1707 771 1748 quae
784 1694 899 1737 dictionum

227 1769 409 1812 indeclinabilium
428 1770 594 1813 Ooncordantias
618 1771 721 1825 eontinet,
740 1783 753 1811 a
770 1771 852 1814 loanne
871 1770 898 1812 de

220 1831 324 1889 ¹Secubia.
352 1846 456 1902 Basileae,
470 1847 569 1890 Frobenii
587 1848 641 1888 1196.
655 1847 700 1889 Fol.

175 1922 342 1966 Concordantiae
353 1923 444 1966 Maiores
452 1923 553 1975 Biblicae,
566 1926 609 1966 tarn
618 1922 899 1973 dictionum‘declinabilium

227 2013 290 2054 qrram
307 1999 494 2042 indeclinabilium.
521 1987 629 2054 Basileae,
647 2013 685 2055 per
704 2000 808 2043 Joannem
826 1999 898 2042 Amor-

194 2106 195 2110 η
225 2075 333 2130 bachium,
352 2076 455 2119 Juannem
469 2076 526 2118 Petri
546 2079 566 2140 et
581 2076 685 2119 loannem
697 2060 825 2118 Frobenium
842 2078 897 2117 1506.

124 2197 128 2217 ¹
144 2194 234 2236 Quantus
249 2195 275 2232 sit
291 2208 384 2233 numerus
403 2198 422 2233 et
437 2195 531 2233 Codicum
545 2195 599 2234 MSS.
615 2198 634 2234 et
647 2195 762 2233 Editionum
777 2196 899 2236 Concordan-

95 2260 172 2308 tiarum,
188 2260 253 2299 elucet
267 2274 293 2298 ex
306 2261 337 2298 his
354 2260 435 2302 duetifii
450 2260 514 2299 verbis
527 2260 540 2297 l.
550 2260 562 2297 l.
575 2261 590 2298 I.
605 2275 623 2310 p.
634 2260 683 2300 209:
698 2261 898 2308 „Concordantiarum

94 2324 170 2363 codices
190 2325 229 2362 MS.
244 2329 322 2375 praeter
340 2326 429 2366 laudatos
448 2325 469 2363 lri
484 2328 530 2363 sunt
544 2323 624 2363 Parisiis
638 2339 705 2364 omnes
720 2325 811 2365 editionis
825 2325 895 2365 tertiae

94 2403 164 2440 nempe
182 2392 268 2439 praefixa
286 2390 444 2440 praefatiuncula
466 2391 545 2428 Cuilibet
564 2394 645 2438 uolucri,
665 2391 686 2428 in
705 2392 785 2429 Navarr.
804 2394 844 2430 tres
863 2392 896 2430 fol.

94 2468 144 2504 mag.
163 2454 233 2492 memb.
263 2456 286 2493 ln
301 2455 380 2492 borbon.
402 2453 489 2507 quinque
508 2453 610 2492 minimum
630 2460 664 2492 aut
679 2468 725 2492 sex:
755 2456 858 2504 Angustia.
874 2457 898 2494 ad

94 2523 174 2570 pontem
188 2532 258 2558 novum
273 2533 329 2558 unus.
357 2518 420 2566 Regia
433 2521 473 2556 tres
490 2517 547 2557 3615.
563 2518 615 2559 37117
631 2523 650 2558 et
664 2519 721 2560 3708.
755 2521 839 2560 Oolbort.
860 2522 898 2559 duo

95 2583 133 2623 295
145 2587 164 2623 et
174 2583 217 2623 393.
233 2585 306 2622 Victor.
317 2597 334 2622 n.
345 2582 395 2622 sul:
410 2582 515 2620 universim
526 2583 581 2620 nulla
590 2585 632 2622 fere
643 2587 673 2622 est
683 2584 764 2635 antiqua
771 2585 897 2631 bibliotheca,

94 2650 116 2687 in
130 2663 168 2701 qua
183 2663 222 2688 non
236 2650 262 2687 sit
274 2649 354 2700 aliquod
368 2647 427 2685 huius
437 2648 517 2686 rationis
528 2649 651 2698 exemplum:
668 2637 766 2687 editiones
775 2663 819 2688 uero
832 2654 898 2689 asam

94 2714 225 2765 typographia
239 2717 267 2751 tot
280 2716 331 2759 sunt,
346 2715 368 2750 ut
383 2712 415 2749 vix
428 2711 526 2748 numerari
540 2712 621 2761 possint.
650 2714 692 2750 Hae
704 2716 750 2750 sunt
764 2723 842 2762 praeter
852 2716 898 2753 eita-

94 2782 124 2816 tus
138 2778 260 2829 praecipuae.
283 2774 384 2824 Lugduni,
400 2774 482 2825 Gryphii
496 2775 553 2823 15111,
569 2776 586 2814 1.
609 2776 704 2815 Basileue.
722 2777 819 2817 1513101.
848 2780 897 2817 Tum

94 2857 119 2881 ex
133 2842 266 2892 recognitione
282 2840 380 2880 Francisci
395 2840 453 2878 rlrola
468 2840 571 2888 Lcrgduni,
592 2842 675 2893 Grpphii
691 2841 748 2880 1551,
763 2844 781 2882 l.
797 2846 817 2882 et
832 2858 897 2883 reeen-

94 2911 150 2947 sente
165 2909 238 2946 Ioanne
253 2907 320 2945 Gastio
335 2905 424 2943 Basileae
441 2904 489 2943 1551
507 2905 553 2944 1ο],“
