2205 3578
405 326 592 361 Pnonndonnun.
873 326 908 359 VII

106 423 210 478 qrreudum
225 424 266 467 nisi
281 438 321 481 ope
336 424 412 468 indicis
426 424 575 468 vocabulorum
588 425 681 467 omnium
694 423 798 478 accurati,
817 423 845 465 ad
860 436 907 465 eum

105 499 256 543 conficiendum
273 514 296 544 se
316 502 416 556 accinxit,
437 502 549 557 pluresque
566 500 660 555 sodales,
687 500 723 555 qui
741 512 794 555 opus
811 499 908 555 ipsismet

105 575 157 619 adeo
171 577 221 620 utile
235 577 326 621 i'utururn
340 591 410 621 secum
424 578 566 633 elaborarent,
580 577 680 621 facillime
694 576 781 619 invenit.

158 654 185 698 Ut
197 667 292 709 qrraeque
306 668 347 698 vox
362 655 383 697 in
397 656 461 698 oitato
476 655 523 698 libri
539 654 611 698 biblici
628 655 697 710 capite
711 653 795 697 tacilius
808 652 907 695 alectore

103 731 228 787 reperiatur,
248 732 309 786 Hugo
328 732 407 787 primus
423 732 496 774 divisit
512 732 582 775 omnia
601 731 701 774 librorrun
715 743 821 773 sacrorum
835 729 907 785 capita

104 821 145 850 non
164 808 231 850 solum
249 808 355 863 longiora,
375 808 413 851 sed
431 810 494 851 etiarn
510 809 607 852 breviora
624 808 647 850 in
661 811 742 863 septem
755 810 836 863 partes,
855 818 907 861 quas

104 887 185 939 septem
198 885 303 940 prioribus
317 885 424 941 alphabeti
439 886 514 928 litteris
529 899 549 939 a,
562 886 582 940 b,
596 898 613 940 c,
628 885 648 939 d,
663 898 680 939 e,
694 884 708 939 i',
723 898 743 939 g.
757 883 864 938 distinxit,
885 885 908 925 ut

103 960 167 1002 lector
189 973 214 1003 err
233 960 273 1004 hac
291 962 361 1004 littera
379 975 464 1005 rrrrmero
483 962 559 1018 capitis
579 962 601 1004 in
621 959 780 1004 Ooncordantiis
800 959 908 1014 adscripta

105 1040 227 1092 cognoscat,
246 1038 268 1079 in
285 1051 376 1093 quanam
392 1038 468 1095 capnitis
487 1043 546 1094 parte
565 1038 669 1093 quaedam
683 1051 724 1080 vox
739 1035 860 1092 qrraercnda
873 1036 907 1079 sit.

104 1113 214 1169 Hugonern
231 1114 292 1157 huius
312 1128 393 1170 quoque
407 1108 548 1158 distinotionis
562 1115 650 1158 consilio
665 1128 701 1158 suo
714 1113 778 1156 valde
793 1126 907 1156 accommo-

105 1190 167 1233 datae
181 1203 227 1233 esse
241 1192 378 1246 inventorem,
393 1192 466 1243 ductii·
476 1205 500 1234 eo
514 1192 624 1246 convincit,
639 1191 694 1247 quod
709 1185 758 1233 ante
769 1190 908 1233 annum1230

104 1267 173 1310 nullus
192 1267 286 1323 proditur·
300 1271 381 1323 auctor,
400 1268 435 1323 qui
454 1268 553 1311 librorum
572 1282 677 1312 sacrorum
691 1268 763 1323 capita
776 1281 814 1322 per
828 1267 908 1323 priores

104 1343 212 1399 alphabeti
229 1344 309 1387 litteras
328 1344 428 1387 distincta
447 1345 507 1401 citet,
529 1350 576 1401 post
595 1345 653 1388 illrrm
672 1359 721 1388 vero
740 1357 817 1387 annum
837 1344 907 1399 plnres
925 1344 927 1348 ’

91 1421 243 1476 inverniretur,
258 1422 293 1476 qui
307 1421 427 1477 Soriptrrrae
442 1435 514 1481 sacrae
526 1423 583 1465 locos
596 1422 627 1465 ita
641 1422 712 1464 citant.
739 1421 782 1464 Sed
790 1419 908 1463 monendus

103 1501 134 1540 est
150 1497 224 1551 lector,
240 1511 287 1540 curn
302 1497 361 1540 audit
373 1500 444 1555 capita
457 1500 572 1542 Bibliorurn
588 1512 626 1554 per
641 1501 722 1554 septem
736 1498 817 1554 priores
834 1497 906 1553 alpha-

105 1574 148 1616 beti
162 1574 243 1617 litteras
258 1574 364 1629 distincta,
379 1589 405 1618 ne
419 1576 500 1620 litteras
514 1576 562 1618 illas
576 1576 682 1619 existimet
696 1575 718 1617 in
731 1574 808 1618 Bihliis
821 1574 864 1617 tls.
879 1573 907 1617 ad

104 1649 200 1705 quodque
218 1655 282 1706 caput
300 1665 391 1705 unquam
409 1654 527 1709 appositas,
547 1645 609 1695 imrno
629 1666 667 1695 neo
681 1652 703 1694 in
717 1651 790 1707 prirnis
807 1654 857 1707 typo
872 1664 907 1694 ex-

102 1727 180 1781 pressis
202 1727 224 1769 id
248 1728 326 1771 facturn
351 1734 387 1771 est.
434 1730 509 1784 Itaque
531 1730 626 1784 quamvis
649 1730 672 1771 in
696 1727 857 1772 Oorrcordantiis
877 1728 909 1771 sio

104 1803 291 1860 distinguerentur,
306 1805 351 1848 sola
364 1809 434 1849 tanrcn
447 1807 523 1850 mentis
537 1806 583 1849 acie
602 1804 787 1860 (intellectualiter)
803 1808 824 1847 et
839 1805 907 1848 oculo-

103 1892 148 1921 rum
163 1879 239 1922 intuitu
252 1881 290 1923 illa
304 1881 411 1925 distinctio
426 1883 531 1939 incapite
545 1883 641 1937 quaesito
656 1882 725 1925 fiebat.
780 1913 783 1916 -

156 1956 236 1999 Harum
250 1961 319 2001 autern
332 1951 446 2014 primarum
459 1944 663 2013 Goncmdantiarum,
678 1971 730 2013 quas
744 1958 806 2013 Hrrgo
820 1958 908 2012 invenit,

103 2033 157 2074 ratio
171 2032 223 2076 haec
237 2038 275 2077 est.
304 2035 432 2078 Vocabulum
447 2037 564 2091 quaesitum
577 2036 641 2079 semel
655 2038 736 2078 tarrtrrm
749 2035 834 2090 ponitur
839 2067 850 2089 ,,
864 2037 909 2077 turn

104 2108 123 2151 ei
138 2108 276 2153 subiiciuntur
289 2112 329 2154 looi
344 2125 422 2167 ornnes,
435 2113 458 2154 in
472 2113 548 2167 quibus
560 2112 667 2169 reperitur,
677 2112 736 2167 liber,
749 2114 813 2167 caput
827 2111 875 2154 libri
888 2115 909 2154 et

103 2198 152 2240 pars
167 2186 243 2242 capitis
257 2187 357 2231 distincta
371 2202 409 2244 per
421 2203 444 2244 a,
459 2189 483 2244 b,
497 2204 518 2243 c,
532 2189 557 2244 d,
571 2203 592 2244 e,
604 2189 623 2243 l,
636 2203 656 2244 g.
681 2187 723 2231 Sed
737 2191 831 2244 praestat
845 2188 907 2231 huius

102 2262 190 2304 rationis
210 2264 316 2319 specimen
332 2265 358 2313 ob
377 2247 460 2309 lectoris
478 2266 548 2309 oculos
568 2279 656 2322 ponere,
676 2264 780 2319 quaedam
798 2264 906 2307 referendo

102 2341 210 2383 vocabula.
250 2342 363 2394 ,Quaelibet
380 2344 460 2398 pagiua
480 2356 517 2399 per·
535 2348 623 2398 quatuor·
641 2347 677 2385 aut
693 2343 785 2398 quinque
800 2342 906 2385 colrrmnas

104 2420 136 2459 est
149 2416 254 2460 distincta.

295 2552 351 2588 rinc
540 2563 578 2599 los.
593 2563 617 2600 H.
631 2563 650 2599 b.
664 2561 741 2600 XXIV.
756 2561 774 2599 b.

161 2616 227 2654 larem.
241 2617 254 2654 Ι.
270 2629 285 2653 o.
292 2617 347 2655 XIV.
361 2618 380 2655 d.
541 2630 616 2677 uppig,
631 2629 699 2667 XXH,
715 2629 732 2667 b,
748 2629 765 2666 d,

159 2683 229 2721 Enech.
240 2684 274 2722 IV.
285 2684 298 2722 f.
309 2684 365 2724 XXI.
375 2685 393 2722 b.
540 2697 569 2734 IV
576 2697 624 2745 leeg.
639 2697 682 2735 vpp
695 2697 714 2734 b·

158 2750 205 2789 uer.
220 2751 233 2789 Ι.
246 2750 258 2788 f·
541 2765 561 2801 rr
573 2764 617 2801 nse.
632 2764 665 2803 rr.
681 2776 696 2801 ο.

264 2830 371 2868 'summurn
540 2831 601 2869 Theb.
617 2831 650 2868 lr'.
665 2833 681 2869 d.
697 2831 719 2870 V.
734 2832 750 2870 d.

160 2894 207 2932 (rien.
220 2895 233 2932 l.
249 2907 264 2931 a.
539 2898 612 2936 Iudith.
626 2899 660 2937 IX.
677 2911 691 2936 e.

159 2962 217 3000 Dent.
232 2962 264 3003 IV.
279 2962 296 3001 h.
308 2963 330 3000 V.
346 2963 359 3001 l.
374 2964 470 3002 XXVlH.
482 2965 499 3003 d.
539 2966 610 3004 Esther
623 2966 664 3004 XI:
674 2978 689 3004 e.
704 2968 741 3007 eto.
