2205 3578
438 317 625 353 Paeanaomuun.
889 318 933 351 LIII

130 419 223 459 mentum
242 430 340 472 graecum
358 430 384 459 en
403 416 499 459 versione
515 416 576 458 LXX
588 416 723 472 interpretum
739 429 785 458 cnm
799 415 933 471 apocryphis,

130 497 166 535 aurt
179 493 207 535 ad
221 493 304 536 Nouum
318 494 476 537 Testamentum
489 505 587 548 gracorum
601 492 740 548 pertinentes,
757 505 810 547 quas
822 505 877 535 niuno
891 492 932 535 sin-

130 570 191 625 gulas
205 571 339 614 recensebo.v
403 559 404 562 Ἰ

235 718 253 746 a.
271 704 438 748 Oonoordantiae
459 704 539 766 Veteris
558 703 694 746 Testamenti*
706 704 777 759 graeci
798 718 824 747 ex

285 781 381 824 versione
389 791 438 824 Lxx
448 781 587 836 Interpretum
597 794 644 823 oum
652 780 785 836 apocryphis.

384 875 401 914 l.
416 872 533 915 Conradi
545 872 679 915 Kiroheri.

185 962 323 1006 Oonradus
338 962 451 1006 Kirohcr
462 964 597 1019 Augustanus
608 962 722 1017 (Parachus
737 963 838 1006 ecclesiae
848 963 932 1005 Danau-

129 1040 273 1093 ruoerthanae,
295 1043 369 1096 postea
382 1040 547 1094 lanthusanae),
569 1040 648 1095 Xysti
666 1039 789 1082 Betuleii
808 1039 933 1094 Aurgnstani,

130 1116 215 1172 cognati
228 1116 271 1169 sui,
286 1129 349 1171 opere
363 1116 418 1159 intra
431 1116 569 1160 describendo
586 1116 694 1171 incitatus,
710 1116 820 1159 consilium
834 1116 896 1172 cepit,
910 1116 933 1158 id

131 1193 187 1247 qrrod
206 1192 242 1235 ille
257 1192 416 1237 Concordantiis
430 1194 473 1236 suis
489 1193 545 1237 Novi
560 1193 690 1251 Testamenti
704 1192 775 1248 graeci
789 1192 859 1236 studio
873 1198 932 1249 prac-

131 1270 213 1324 stiterit,
227 1269 290 1312 simili
304 1283 367 1325 opere
375 1270 457 1313 Veteris
471 1270 542 1325 graeci
556 1254 625 1313 studio
639 1269 767 1325 praestand'.
795 1270 829 1312 De
838 1269 932 1325 hoopro-

130 1347 199 1403 posito
216 1345 321 1389 meditans
339 1346 455 1402 reputavit,
480 1347 526 1390 sine
545 1349 603 1389 textu
620 1346 719 1390 hebraico
738 1344 796 1389 haurd
809 1335 898 1389 feliciter
909 1346 931 1389 in

130 1423 206 1466 Bibliis
225 1423 318 1478 graecis,
339 1423 469 1466 hebraismus
489 1423 512 1465 in
526 1424 573 1479 ipso
587 1436 681 1466 sermone
696 1417 771 1478 graeco
783 1422 932 1478 resipientibus

82 1522 85 1528 =
131 1485 169 1543 nos
184 1500 270 1542 versari.
297 1500 371 1555 Itaque
386 1499 446 1542 duxit
460 1513 536 1556 operae
551 1499 641 1555 pretimn
654 1499 767 1554 facturum,
781 1499 817 1554 qui
831 1498 933 1543 eiusmodi

131 1576 296 1620 Conoordantias
309 1576 414 1632 scriberet,
429 1577 504 1633 quibus
517 1577 578 1620 simul
593 1580 614 1620 et
627 1576 772 1620 hebraioorum
782 1580 803 1620 et
811 1589 933 1631 graecorum

130 1653 278 1697 uocabulorum
297 1667 323 1696 ex
338 1654 359 1697 S.
372 1654 493 1709 Scripturas
509 1654 559 1697 locis
574 1650 706 1696 collationem
719 1653 843 1695 institueret.
871 1653 933 1696 Huno

130 1730 152 1772 in
168 1730 230 1773 tinem
244 1730 309 1773 verba
323 1734 344 1773 et
358 1731 443 1773 nomina
456 1730 567 1785 inquirere,
581 1730 624 1773 suis
639 1730 719 1773 cellulis
730 1729 848 1784 includere,
862 1742 932 1772 nume-

131 1807 160 1849 ris
174 1807 240 1849 solum
249 1806 333 1862 singula
342 1807 472 1863 consignare,
486 1807 561 1850 iterum
571 1805 696 1861 describere,
711 1809 731 1849 ct
741 1806 861 1849 thesaurum
870 1806 933 1849 istum

132 1883 379 1939 auideoolligerecoepit.
394 1883 934 1941 Fereseptenniosicperaotonumerisuerbatentus

132 1958 250 2015 adscripsit,
264 1960 381 2015 grandique
394 1961 466 2004 labore
481 1961 587 2003 exantlato
601 1952 767 2003 Concordantias
781 1972 829 2002 suas
843 1959 917 2002 linivit.

185 2036 231 2079 Hoc
246 2048 305 2091 opus,
317 2036 379 2091 qrrotl,
393 2038 446 2080 sicut
461 2037 562 2090 Betnleii,
576 2037 713 2092 Augustanae
724 2036 861 2091 Reipublicae
877 2035 933 2079 dica-

132 2115 175 2155 tum
189 2116 235 2170 gest,
256 2112 335 2168 prodiit
350 2114 372 2156 in
391 2113 444 2157 duas
459 2118 529 2170 partes
543 2114 621 2156 tonnae
635 2112 782 2168 quaternarias
798 2112 933 2155 distributum

132 2203 152 2231 a.
168 2191 224 2232 tout.
239 2190 278 2233 sub
291 2190 330 2233 hoc
344 2190 415 2233 titulo:

216 2266 382 2310 Concordantiae
394 2267 397 2321 l
409 2267 491 2311 Veteris
503 2268 506 2321 l
519 2267 649 2310 Testamenti
661 2267 663 2320 Ι
676 2267 776 2320 Graecae,
790 2264 878 2309 Ebraeis
887 2266 889 2319 l
898 2279 934 2309 uo-

266 2343 325 2386 cibus
337 2346 340 2397 Ι
352 2344 508 2399 respondentes,
521 2345 524 2395 l
535 2340 680 2397 πολύχρηστοι.

504 2429 576 2464 SIMVL
589 2430 650 2463 ENIM
664 2430 695 2463 ET

268 2500 348 2536 lealcort
363 2500 537 2546 Etratoolattnum,
552 2500 735 2547 Ebraicopraucum,
752 2499 934 2537 Graecoebraiaam:

266 2565 366 2610 perusinum
384 2558 517 2602 'uocabulorum
536 2565 605 2611 sigtrill·
624 2563 626 2613 l
645 2566 745 2608 actionem,
770 2575 793 2600 ea
811 2562 935 2610 Septuaginta

268 2630 352 2670 (luorum,
365 2634 383 2665 ut
396 2629 452 2675 ottlpo
466 2629 536 2672 uolatu,
551 2629 672 2674 interpretum
688 2628 727 2676 (uel
740 2629 789 2673 isliu,
800 2638 836 2674 pro
847 2633 934 2674 ternpore,

268 2694 401 2741 ctesiclcutllmr,
409 2705 432 2730 ent
439 2693 518 2741 Aquilae
526 2703 665 2740 ruororrmquam,
673 2695 703 2729 ort
711 2693 824 2739 Symmachi,
836 2692 866 2728 ool
878 2691 934 2727 Thac·

267 2758 360 2802 ulotr'oois)
377 2759 502 2794 translatione
519 2768 551 2804 pc·
564 2755 566 2806 Ι
580 2759 644 2794 litant:
668 2758 806 2804 lroruoaymt'um
819 2767 842 2793 ac
855 2767 936 2802 syncop-

267 2823 324 2858 miam
340 2821 432 2858 Graecam
443 2828 459 2858 ct
473 2821 581 2858 Ilbraeam:
596 2822 640 2869 prtia
654 2829 670 2858 et
683 2822 826 2858 Ebralrmoram
838 2822 936 2857 uariorum

267 2897 296 2921 ou·
314 2885 316 2934 l
334 2887 465 2932 plantationem
494 2884 599 2937 Graecamr
635 2885 786 2922 Grourr'smarum
813 2886 935 2922 elocutionem

266 2950 373 2988 Etraeam:
396 2957 413 2998 et
430 2951 458 2988 sic
478 2942 602 3003 [luruoa'rpoaa
619 2949 689 2988 Veteris
709 2950 788 2989 etNoui
800 2994 802 2997 .
816 2949 936 3002 Testamenti,
