2205 3578
178 265 211 298 LX
480 268 667 304 Pnohusouuuh.

179 363 255 417 quihus
275 364 475 407 Concordantiarunr
496 366 553 421 prior
572 380 621 422 pars
636 367 768 422 proponitur,
791 366 869 409 habent
884 379 980 409 numeros

179 440 297 496 superiores
315 425 420 484 14008.

232 517 257 560 ln
271 517 338 574 tribus
353 518 409 562 foliis
422 519 505 574 utrique
520 519 579 562 titulo
593 520 694 575 proximis
703 520 779 575 legitur
788 520 879 563 auetoris
891 519 919 562 ad
928 520 980 563 Con-

178 594 235 637 sules
253 598 274 637 et
289 595 402 638 Senatores
419 595 483 639 Urbis
497 596 618 652 Groningae
634 596 676 653 ipsi
694 597 776 653 patriae
791 595 902 639 Dedieatio
920 596 981 639 huius

178 672 248 727 operis
263 671 314 714 elata
327 663 449 727 Groningae
464 686 483 715 a.
496 674 550 714 1717.
566 672 600 716 die
616 674 648 716 tl.
661 673 718 729 Iulii,
737 674 759 716 in
774 673 840 717 tribus
855 673 980 728 subsequen-

179 748 234 791 tibus
253 749 298 792 eius
315 749 421 792 Praelatio
441 749 469 792 ad
487 749 586 793 leetorenr
605 750 678 793 eodem
697 750 732 794 die
747 751 836 806 seripta,
857 750 879 792 in
898 749 980 805 quade
1010 772 1011 775 =

178 821 317 868 Kireh'eriano
331 839 410 881 suoque
426 840 489 882 opere
503 831 600 870 aoenrate
613 828 708 883 disserit,
727 839 816 882 sequens
830 827 902 870 t'oliurn
917 827 980 870 eonti-

178 905 214 945 net
226 902 367 958 Theologieae
377 904 493 947 Facultatis
501 904 629 948 Aeadenriae
638 904 776 947 Proriueialis
784 903 980 959 Groning-Ornlan-

179 977 239 1021 dieae
253 979 378 1034 approbatio
393 980 468 1035 Operis
480 980 609 1023 Tronuniani
624 994 637 1022 a
649 981 714 1023 Paulo
728 981 801 1023 Hulsio
816 980 931 1023 Faeultatis
946 979 981 1033 de-

179 1068 231 1098 eano
246 1056 367 1111 Groningae
381 1056 401 1098 d.
415 1057 508 1099 hiller.
524 1070 543 1113 a,
554 1057 610 1098 ltili
626 1057 687 1112 data,
701 1057 734 1100 eui
748 1057 871 1100 subiunotae
884 1061 932 1100 sunt
945 1070 981 1099 ar-

178 1132 241 1175 etoris
257 1133 366 1176 annotatio
382 1133 409 1176 de
425 1134 488 1176 nroris
502 1133 582 1188 aliquot
599 1147 701 1176 annornnr
717 1137 764 1189 post
778 1135 887 1189 aee'eptarn
898 1147 980 1189 appro-

178 1209 295 1263 bationem,
319 1213 434 1272 antequam
456 1222 508 1266 opus
531 1210 589 1266 prelo
607 1210 753 1263 subiieeretur,
777 1214 798 1253 et
820 1210 935 1254 admonitio
954 1210 980 1253 de

178 1285 265 1329 Erratis.

232 1363 326 1418 Paginae
340 1363 551 1419 Ooneonlantiarurn,
565 1377 619 1419 qnae
634 1378 646 1407 a
659 1363 746 1421 plagula
760 1363 789 1418 A,
808 1376 857 1419 pag.
874 1365 881 1403 t
899 1363 981 1407 ordiun-

179 1442 217 1495 trrr,
232 1443 253 1483 et
269 1441 291 1482 in
306 1440 346 1483 hoe
358 1441 424 1483 Tonro
439 1441 456 1484 Ι.
470 1453 532 1484 voees
546 1454 634 1496 graeeas
647 1455 660 1484 a
673 1441 748 1484 litteris
758 1441 844 1482 A—-A
857 1440 982 1496 insipientes

178 1516 284 1571 exhibent,
298 1517 355 1560 linea
364 1517 435 1560 rnedia
444 1517 613 1574 perpendienlari
622 1518 704 1561 divisae
714 1522 763 1561 suut
774 1518 797 1560 in
807 1517 860 1560 tlrrats
869 1518 982 1571 eolunrnas,

179 1607 268 1647 qrrarurn
288 1607 383 1649 qrraeque
398 1594 547 1650 inser·iptaest
561 1594 626 1637 ternis
645 1594 719 1637 litteris
732 1594 849 1637 initialibus
864 1608 935 1638 earum
948 1608 983 1636 vo-

179 1682 232 1720 eunr,
246 1683 300 1725 quae
314 1671 336 1712 in
349 1670 390 1713 hae
405 1671 501 1713 oolunrna
515 1671 635 1724 afferuurtur,
650 1684 668 1713 e.
680 1685 696 1714 e.
707 1671 788 1727 prinrae
797 1671 889 1726 paginae
898 1669 982 1713 sinistra

179 1746 286 1811 eolunrna:
302 1747 375 1786 ΑΒΑ.
391 1746 458 1787 ABE.
474 1747 534 1787 ABl.
556 1747 656 1802 quoniam
669 1748 762 1790 eontinet
775 1760 837 1790 voees
851 1761 881 1802 gr.
898 1745 982 1799 Ἀβασί-

178 1824 258 1872 λευτος,
270 1818 369 1873 Ἄβατος,
386 1815 481 1875 ἅβατόω,
495 1819 637 1876 Ἀβεβαιότης,
652 1821 717 1875 'Addit
775 1841 776 1844 ¹

232 1899 310 1942 Tornus
320 1900 354 1952 ss,
370 1899 429 1942 euius
443 1899 525 1954 plenior
539 1896 611 1942 titulus
627 1900 671 1942 solo
684 1900 744 1942 Torni
757 1912 849 1954 rnunero,
863 1903 884 1942 et
898 1899 982 1942 brevior

178 1979 260 2018 tanturn
278 1975 357 2018 indieio
376 1975 492 2018 litterarum
511 1974 600 2025 nir-n,
621 1975 722 2030 aquibus
737 1988 799 2018 voees
818 1989 907 2030 graesae
921 1974 982 2017 huius

178 2052 239 2094 Tomi
254 2051 368 2105 ordiuntur,
383 2052 410 2094 ab
424 2055 511 2106 utroque
525 2051 585 2094 titulo
594 2051 655 2094 Tonri
669 2052 684 2094 l.
700 2051 803 2104 differunt,
819 2051 911 2093 eontinet
923 2064 982 2107 prae-

179 2134 210 2172 ter
228 2116 317 2185 prinrarn
333 2129 452 2185 plagulam,
469 2129 492 2170 in
510 2127 552 2183 qua
569 2129 610 2172 duo
625 2129 680 2171 tituli
695 2129 802 2184 leguntur,
826 2129 865 2169 ‘iro
879 2128 982 2183 plagulas,

178 2220 266 2261 quarum
280 2206 360 2262 priores
377 2207 414 2246 179
428 2206 502 2248 litteris
516 2205 596 2259 ri—Z,
615 2206 722 2260 ria—Za,
740 2205 872 2259 rina-Zrz,
891 2205 982 2246 Aaaa—

177 2284 243 2326 Xunx
257 2284 292 2335 (en
306 2282 381 2337 quibus
396 2281 469 2324 ultima
483 2295 556 2337 unam,
571 2286 654 2325 oeterae
667 2282 729 2339 binas
741 2282 820 2338 plagg,
839 2280 915 2323 ll'olia
928 2293 982 2323 eonr-

178 2360 304 2416 pleetuntur)
321 2359 427 2412 signatae,
447 2371 495 2414 pag.
514 2361 604 2401 1-716.
623 2359 737 2415 bipartitae
753 2358 841 2400 alterarn
859 2371 983 2413 graecarum

178 2435 379 2498 Coneprdantiarurn
391 2438 478 2490 partenr,
493 2435 592 2478 videlieet
601 2448 663 2478 voees
677 2435 774 2477 alitteris
783 2435 812 2475 dt
814 2459 841 2464 -
847 2432 867 2473 Ω
881 2433 982 2490 ineipien-

177 2517 209 2557 tes
220 2513 404 2569 eomprehendunt.
432 2511 587 2566 Subsequentes
596 2513 634 2564 33}
648 2511 747 2567 plagulae
760 2511 835 2553 litteris
843 2524 856 2552 a
865 2536 883 2540 —
892 2524 909 2564 n,
925 2524 983 2552 aa—

178 2590 209 2633 in<
228 2592 324 2651 (rprarunr
345 2589 419 2631 ultinra
433 2588 552 2642 dirnidiarn,
572 2601 590 2630 a.
603 2587 654 2630 duas
669 2588 777 2643 plagulas,
792 2591 873 2630 eeterae
889 2576 983 2642 singulas

177 2669 249 2724 plagg.
263 2667 435 2723 eornpleetuntur)
455 2665 561 2720 signatae,
581 2677 667 2719 quarum
687 2663 738 2707 t'olia
751 2664 870 2706 a3-hhl
887 2675 983 2706 numeros

178 2745 296 2800 superiores
310 2745 397 2785 5-13l
411 2742 498 2797 habent,
516 2742 618 2799 praebent
631 2741 724 2785 Indieern
738 2742 769 2785 sie
783 2741 917 2801 inseripturn3

258 2821 325 2865 Index
337 2823 340 2876 Ι
352 2822 460 2865 Hebraeus
473 2821 475 2875 t
488 2825 509 2863 et
521 2828 523 2875 Ι
537 2819 661 2874 Chaldaeus,
674 2820 676 2873 t
689 2820 735 2871 Quo
746 2821 879 2862 recensentur
890 2820 893 2870 l
906 2817 983 2861 Omnes

312 2899 396 2942 omnino
413 2911 476 2942 voees
488 2899 491 2952 l
503 2901 547 2962 turn
561 2897 671 2942 Hebraeae
685 2899 729 2941 tuna
744 2896 864 2940 Chaldaeae
876 2894 878 2949 l
891 2907 945 2950 quae
961 2893 983 2935 in
