2205 3578
525 301 527 303 .
533 269 721 305 PROLEGOMENA.

584 367 665 425 Ἀαρών

392 443 411 484 ἐκ
423 446 465 485 τῶν
479 445 601 501 θυγατέρων
614 444 684 501 αἀρών
751 447 821 490 Lueae
837 449 843 487 l

391 518 441 561 ἀλλὰ
456 519 467 562 ὅ
482 520 605 577 καλούμενος
619 523 657 565 ὑπὸ
673 525 710 565 τοῦ
723 526 780 574 θεοῦ,
796 521 889 578 καθάπερ

456 596 468 638 o‘
483 596 553 655 doprdr
753 601 806 644 Heln
821 603 833 642 5

391 673 477 723 dirorum
492 677 522 732 τῷ
538 674 609 732 αἀρών
752 678 797 720 Adi.
814 680 825 718 7

390 751 422 792 nol
436 750 460 792 od
474 752 526 793 nard
542 753 579 807 adp
593 750 650 802 τάξιν
664 751 734 806 dupolr
749 752 842 808 λέγεσθαι
869 753 921 796 Hel)¹
938 754 956 794 7.

473 910 492 950 2.
506 909 616 952 Henriei
635 909 772 965 Stephani.

277 990 409 1034 Henrious
429 990 585 1047 Stephanus
605 991 667 1045 [filius
685 991 772 1034 Roherti
791 991 828 1045 St,
846 994 908 1033 natus
927 1004 946 1033 a.
969 990 1023 1031 1528.

222 1067 316 1121 Parisiis,
330 1066 415 1122 linguae
431 1080 519 1122 graecae
538 1068 659 1122 latinaeque
675 1068 820 1123 peritissimus,
840 1072 861 1110 et
874 1068 944 1110 multis
959 1067 1023 1121 libris,

222 1143 346 1200 praesertim
359 1148 466 1187 auctorum
478 1157 600 1204 graecorum
615 1143 742 1188 editionibus
753 1145 905 1199 celeberrimus,
920 1148 1023 1199 postremo

222 1222 244 1264 in
263 1234 344 1264 summa
364 1225 488 1277 paupertate
508 1225 600 1264 mortuus
618 1224 650 1264 est
669 1235 688 1263 a.
707 1222 763 1273 1598.
783 1222 865 1273 [aetatis
882 1234 936 1263 anno
950 1221 1022 1283 LXXl

221 1298 320 1353 Lugduni
332 1298 354 1340 in
368 1297 496 1351 nosocomio)
518 1298 585 1340 edidit
602 1298 686 1352 quidem
704 1298 869 1341 Oorroordantias
880 1298 936 1341 Noui
950 1298 1023 1341 Testa-

221 1376 287 1418 menti
301 1387 398 1430 graeeao,
417 1375 454 1417 sed
471 1375 518 1429 quis
537 1387 607 1418 earum
622 1378 693 1417 anotor
707 1375 744 1430 sit,
763 1376 820 1418 latet.
843 1374 948 1418 Praefatio
961 1375 1022 1428 euim,

222 1465 285 1507 quam
300 1453 346 1508 ipse
360 1452 444 1508 soripsit
461 1456 481 1493 et
499 1452 548 1494 huio
566 1452 624 1506 operi
638 1451 741 1507 praefinit,
759 1453 781 1494 in
800 1465 826 1494 ea
840 1456 906 1507 parte,
926 1465 980 1506 qnae
995 1451 1022 1493 ad

221 1529 282 1571 huius
296 1529 366 1584 operis
379 1528 482 1583 originem
496 1531 583 1584 speotat,
597 1529 679 1571 oooulta
693 1533 730 1571 est.
758 1529 787 1572 Ut
804 1529 869 1572 leotor
883 1529 928 1584 ipse
941 1528 967 1571 de
982 1528 1022 1571 hae

221 1619 243 1648 re
261 1605 356 1649 iudicare
374 1606 451 1661 possit,
469 1606 534 1648 uerba
553 1606 598 1648 eius
617 1606 636 1647 h.
647 1606 660 1648 l.
679 1606 754 1649 affero:
777 1606 819 1660 „Ut
837 1609 907 1648 autem
921 1605 979 1647 aliud
995 1619 1022 1648 ex

221 1683 263 1725 alio
279 1683 351 1726 uenire
370 1682 401 1724 illi
422 1682 471 1734 [soil.
486 1682 552 1737 ipsius
573 1683 628 1738 patri
646 1683 736 1726 Roberto
755 1682 872 1738 Stephano,
890 1682 1022 1738 typographo

220 1759 345 1812 Parisiensi‚
365 1759 414 1801 inde
434 1759 460 1802 ah
474 1773 492 1801 a.
509 1761 565 1801 1547.
594 1759 723 1814 Genevensi,
742 1763 792 1802 nato
811 1773 829 1801 a.
847 1760 902 1801 1503.
929 1759 1021 1812 Parisiis,

220 1839 301 1897 mortuo
316 1838 334 1878 tt.
342 1828 399 1892 Sept
416 1838 478 1888 tata]
494 1836 516 1877 in
529 1840 620 1879 mentem
634 1836 721 1891 solebat,
734 1850 797 1891 qurrm
811 1840 832 1878 et
843 1836 948 1879 heuretioo
962 1848 1021 1891 prae-

220 1913 276 1955 ditus
292 1913 377 1967 ingenio
392 1916 453 1967 esset,
468 1917 489 1955 et
502 1926 580 1968 magna
593 1926 642 1969 pars
657 1913 806 1968 eogitationum
820 1913 865 1955 eius
879 1926 920 1955 non
934 1912 976 1954 allo
991 1913 1021 1954 in-

220 1993 278 2032 tenta
298 1989 352 2032 t'oret
371 2002 434 2043 quam
453 1989 480 2031 ad
494 1989 656 2044 exoogitandum
674 1989 793 2045 quidpiam,
816 1988 872 2043 quod
894 1983 1021 2032 saerosanoti

220 2066 332 2110 voluminis
351 2066 463 2109 leotorihno
480 2067 591 2109 utilitatem
609 2067 701 2120 afferret,
718 2066 917 2109 Gonoordantiarum
932 2066 1021 2109 Graeca-

220 2157 271 2198 rum,
285 2144 318 2185 vel
333 2144 402 2198 potius
417 2143 618 2198 Graeoolatinarum,
632 2157 690 2199 opuq
705 2156 759 2198 quae
771 2143 858 2185 editioni
868 2142 936 2197 Caput
949 2155 1020 2184 unum-

219 2219 316 2275 quodque
334 2220 356 2262 in
374 2220 412 2262 illa
424 2220 543 2262 Tmenratia
558 2224 637 2262 neotum
654 2220 740 2263 habenti
755 2218 910 2275 responderent,
924 2232 1020 2274 praever-

219 2296 304 2340 tendum
323 2297 370 2339 aliis
389 2297 485 2340 omnihus
508 2297 642 2340 existimauit.
674 2297 748 2351 Neque
765 2301 835 2339 tanren
854 2296 953 2351 temporis
966 2310 1019 2338 oom-

218 2374 329 2430 pendium,
347 2373 403 2427 quod
418 2386 464 2415 oum
477 2374 545 2428 operis
560 2373 617 2416 illius
631 2373 743 2428 dispendio
757 2386 799 2415 non
813 2373 882 2415 minus
897 2386 959 2427 quam
973 2386 1020 2415 eunt

218 2451 348 2507 parcimonia
369 2449 455 2493 sordida
472 2451 604 2492 eoniunotum
619 2454 682 2505 esset,
698 2463 797 2504 quaerere
812 2450 878 2492 voluit
892 2449 983 2503 (etiamsi
997 2451 1019 2492 in

218 2527 288 2569 multis
306 2525 329 2568 id
346 2525 443 2581 operibus
462 2526 607 2581 taetitahatur,
626 2530 647 2569 et
662 2526 725 2569 hodie
743 2526 807 2569 multo
822 2526 890 2580 magis
900 2526 1018 2603 'laetitaturl

218 2602 324 2658 quoddam
334 2615 392 2657 opus,
402 2603 434 2644 oui
444 2606 504 2645 autor
513 2616 589 2645 nomen
599 2603 798 2646 Oorroordantiarum
810 2574 943 2677 imposuhpat,
956 2603 1018 2645 inter-

218 2680 323 2736 polatum,
344 2683 365 2721 et
380 2679 499 2722 aooeseione
518 2679 589 2733 aliqua
607 2683 690 2722 auotum
708 2679 800 2722 edendo:
818 2664 942 2762 praese‘p'pim
955 2693 1018 2735 quum

217 2770 259 2798 non
273 2756 340 2799 solum
358 2757 423 2798 multo
440 2756 508 2798 minus
527 2756 604 2799 aliorrhi
621 2769 683 2811 quam
698 2756 807 2799 dimidiam
825 2757 916 2799 loeorurh
931 2760 1018 2812 partem,

217 2833 255 2876 sed
269 2833 344 2876 multos
358 2833 422 2875 etiam
435 2845 513 2875 errores
528 2833 623 2876 haberet:
647 2836 668 2875 et
681 2833 766 2888 quidem
780 2825 864 2887 aliqnou¹
874 2834 896 2875 lu
912 2834 1017 2876 nonnullis

217 2923 299 2966 quoque
321 2910 431 2953 uerborum
451 2909 589 2952 thematibus:
615 2909 683 2964 qualis
706 2913 737 2952 est
760 2910 796 2953 ubi
813 2910 877 2953 uerbo
895 2908 1016 2965 ἠβουλήθην
