2205 3578
150 267 226 302 anxur
427 253 429 255 ’
459 271 646 307 Pnonneounun.

260 369 440 428 Ooneordantiael
455 372 614 416 Graeeolatinae
627 372 630 427 l
642 372 773 415 Testamenti
786 372 848 415 Noui.

231 447 277 491 Hae
295 448 388 492 editione
407 449 511 504 pleniores
530 453 551 493 et
567 449 674 494 uberiores
687 451 690 501 1
703 449 782 492 editae:
802 448 907 504 (lueesqve
925 449 953 492 ad

284 538 356 568 ueram
370 539 444 569 voevm
458 526 514 569 illius
526 526 528 580 l
541 526 736 581 interpretationem
749 527 891 569 necessariae:
906 540 953 569 nee-

284 616 326 646 non
342 604 368 659 ijs
383 616 436 659 quae
444 603 543 659 inprime
552 602 645 646 editione
657 605 659 655 l
673 616 699 645 ex
709 603 853 659 supplemento
861 602 954 659 petenda

311 684 371 723 erant
385 680 446 741 etad
461 680 539 723 ealeem
553 681 555 735 Ι
567 680 651 735 reieota,
665 681 710 723 loeo
720 683 740 722 et
749 673 821 723 ordine
831 680 926 735 digestis.

285 758 310 800 ln
324 758 357 801 his
369 757 420 813 quid
433 758 557 813 praestitum
571 758 608 811 sit,
621 757 623 811 l
636 757 730 813 praefixa
745 757 773 799 ad
787 758 895 801 Leetorem
910 757 953 814 epi-

284 836 338 878 Slfflcl
352 835 417 879 [Ῑῡθθῒ-
519 846 590 890 Editio
604 846 707 890 Seevnda
875 837 876 840 ¹

283 911 361 968 (inpia
377 910 426 952 iudeo
437 910 496 952 litorio
511 912 656 967 interpositum
671 918 701 953 ast
715 911 844 968 {agiographi
858 912 953 968 Insigne,

345 991 387 1017 aon
405 977 460 1018 idem
471 978 553 1032 prioris
567 976 672 1028 editionis,
688 984 712 1017 oi
724 979 746 1017 ei
755 976 882 1032 persimile)

284 1055 317 1097 Ex
331 1054 483 1111 Typographia
498 1054 554 1097 Petri
569 1057 590 1096 et
603 1053 675 1096 laeobi
690 1053 776 1096 Olrouet
789 1060 791 1108 l
804 1063 828 1096 m.
839 1062 877 1096 DC.
887 1063 952 1096 XXIV.

150 1143 209 1185 Haeo
223 1142 293 1197 editio,
309 1157 371 1198 quam
386 1157 412 1186 ex
424 1143 556 1187 Bibliotheca
564 1143 746 1199 Orphanotrophei
761 1143 859 1185 Halensis
873 1143 895 1185 in
909 1155 952 1184 ma-

150 1219 211 1262 nibus
227 1219 305 1275 haheo,
325 1220 416 1263 eontinet
429 1221 468 1261 254
483 1220 590 1276 plagulas,
609 1233 696 1274 quarum
710 1220 765 1262 dnae
778 1219 858 1275 priores
874 1219 953 1263 habent

150 1297 280 1351 signaturam
302 1298 333 1340 illi
351 1299 421 1354 signo,
444 1298 500 1353 quod
518 1298 625 1341 Betuleius
642 1299 729 1341 uocibus
748 1298 830 1353 graeeis
848 1297 952 1353 praefixit,

149 1373 244 1428 similem,
254 1377 336 1417 eoterae
346 1375 421 1417 litteris
429 1374 507 1429 A—Z‚
516 1374 604 1417 Aa-Y
620 1407 625 1427 ‚
636 1374 688 1416 dria
695 1374 774 1428 -nm,
781 1373 952 1429 Arina—PPpp,
1009 1403 1011 1405 ψ

148 1463 236 1504 quarum
255 1464 350 1506 quaeque
366 1454 377 1493 3
393 1451 489 1507 plagulas
505 1452 525 1505 (h
539 1450 598 1504 folia)
615 1450 768 1506 eompleethur,
787 1449 884 1505 signatae
898 1453 951 1493 sunt.

147 1527 242 1582 Paginae
260 1528 278 1570 A
297 1529 412 1584 n-Prqp
433 1529 461 1583 bh,
484 1528 506 1570 in
525 1541 566 1583 qua
586 1541 638 1583 opus
655 1527 736 1582 finitur,
759 1527 839 1570 habent
855 1540 952 1569 numeros

149 1604 266 1659 superiores
276 1606 373 1647 l-rool.
402 1605 503 1648 Ultimum
517 1606 589 1649 lolium
597 1606 661 1661 PPpp
677 1607 689 1646 [l
703 1604 773 1647 allium
782 1608 853 1647 est—
868 1604 951 1647 Folium

148 1680 262 1722 seeundum
279 1681 339 1724 titulo
358 1681 474 1737 proximum
494 1682 586 1725 eontinet
601 1681 664 1724 Hem:
680 1681 782 1737 Stephani
796 1680 951 1724 dedicationem

147 1755 176 1797 ad
185 1741 304 1812 Prinoipem
318 1757 443 1812 llauritinm,
458 1758 547 1800 Hassiae
561 1757 728 1812 Landgrauium5
743 1757 815 1800 folium
832 1760 915 1801 tertium
930 1762 951 1801 et

148 1834 242 1889 superior
259 1847 308 1889 pars
326 1834 402 1890 prioris
421 1834 513 1890 paginae
532 1835 577 1877 i'olii
597 1835 665 1889 quarti
684 1834 769 1877 exhibet
783 1834 877 1877 eiusdem
890 1848 949 1891 prae-

147 1911 248 1954 fationem
263 1924 299 1954 seu
314 1911 424 1967 epistolam
438 1910 466 1953 ad
481 1912 585 1967 leetorern,
599 1924 654 1966 quae
664 1912 755 1967 apriore
768 1910 859 1954 editione
868 1925 893 1954 eo
904 1915 948 1954 tan-

147 1991 191 2030 tum
206 1987 285 2041 differt,
298 1988 353 2042 quod
368 1988 453 2030 ultimae
468 1990 492 2042 lt
506 1988 581 2043 lineae,
595 1988 617 2030 in
632 1987 708 2042 quihus
722 1987 841 2043 Stephanus
854 1973 948 2031 breviter

146 2064 258 2119 indigitat,
276 2064 393 2120 dequibus
412 2065 473 2108 rebus
492 2065 514 2106 in
529 2065 653 2121 Appendiee
667 2064 733 2107 serius
752 2064 864 2107 sorihenda
880 2064 950 2108 dieere

146 2142 203 2195 velit,
218 2143 240 2184 in
254 2142 294 2185 hae
308 2142 400 2185 editione
415 2147 464 2198 apte
478 2142 567 2185 omissae
582 2145 636 2185 suut.
651 2167 678 2172 —-
698 2142 723 2184 ln
740 2142 807 2184 altera
821 2142 866 2185 i'olii
880 2143 950 2197 quarti

147 2220 227 2274 pagina
241 2218 315 2261 addita
327 2224 358 2262 est
371 2218 508 2275 Typographi
523 2218 690 2275 praelatiuneula
705 2218 733 2260 ad
745 2218 855 2274 lentorem,
872 2220 895 2261 in
909 2233 951 2274 equa

146 2294 244 2349 refertur,
264 2295 377 2338 seeundum
392 2309 447 2338 nune
460 2295 554 2338 exhiberi
569 2294 693 2351 editionem,
714 2296 813 2350 qnoniam
827 2309 879 2351 opus
896 2295 949 2339 desi-

147 2372 216 2415 derari
231 2372 344 2427 coepissem
359 2372 386 2415 de
401 2385 434 2427 eo,
449 2372 505 2427 quod
518 2372 540 2414 in
554 2373 593 2416 hae
606 2386 662 2415 noua
675 2371 769 2414 editione
783 2372 907 2427 praest'tum
916 2373 949 2428 sit,

146 2448 230 2492 nonnisi
244 2449 284 2491 hoo
298 2448 384 2492 dieitur:
400 2462 425 2491 ea
439 2449 599 2504 Supplementa,
612 2462 667 2502 quae
680 2449 708 2491 ad
723 2450 801 2492 ealoem
815 2449 892 2504 prioris
907 2449 949 2491 edi-

146 2527 209 2569 tionis
224 2525 298 2568 addita
312 2530 388 2580 essent,
404 2525 426 2568 in
439 2526 478 2568 hae
489 2526 531 2568 suis
543 2526 595 2569 loeis
608 2539 654 2569 esse
666 2526 751 2581 inserta,
765 2539 847 2569 neonon
857 2526 949 2569 loeorum

146 2603 226 2657 aliquot
239 2602 353 2650 ‚additione
372 2615 424 2657 opus
443 2603 598 2658 loeupletatum.
617 2627 643 2633 —
662 2603 733 2645 Prima
748 2602 949 2662 Doneordantiarum

146 2681 225 2735 pagina
237 2679 312 2722 iisdem
326 2679 396 2722 uerbis
411 2693 436 2722 ae
447 2679 469 2721 in
483 2679 552 2735 priore
567 2679 627 2733 edit3
643 2680 777 2734 paginaeque
791 2692 863 2722 omnes
876 2679 949 2722 eodem

145 2756 207 2799 modo
221 2756 304 2799 diuisae
318 2760 399 2799 suntet
413 2758 457 2798 tota
471 2756 540 2811 operis
553 2755 663 2799 methodus
679 2759 710 2798 est
725 2755 799 2799 eadem
814 2770 839 2798 ae
852 2755 873 2798 in
888 2756 931 2798 illa.

199 2833 265 2875 hlulto
278 2833 346 2876 maior
358 2833 489 2887 plagularum
504 2845 601 2875 numerus
620 2833 675 2886 (254)
695 2832 756 2875 lmius
771 2832 870 2875 editionis
878 2833 949 2888 ·(prior·

107 2923 108 2927 ¹
145 2909 209 2954 hahet
221 2911 264 2964 137)
273 2923 327 2965 eum,
341 2910 377 2964 qui
385 2912 493 2964 utramque
504 2921 625 2965 comparare
633 2910 711 2964 nequit,
725 2909 788 2952 l'aeile
798 2909 820 2952 in
828 2909 948 2965 opinionem
