2205 3578
458 307 644 345 PROLEGOMENA.
906 304 947 339 LXI

279 410 417 468 praecedente
429 412 432 464 Ι
445 409 645 454 Concordantiarum
657 408 660 461 Ι
673 408 800 452 Graecarum
812 406 815 461 Ι
831 405 899 461 Opere
916 416 947 446 re-

278 488 392 545 peliuntur.
407 487 409 542 Ι
428 487 507 542 Estque
525 486 591 530 veluti
608 486 611 541 Ι
629 486 699 529 Clavis
712 487 714 538 Ι
726 483 845 529 Utilissima
863 486 884 525 ct
903 494 947 538 per-

278 579 341 621 quam
354 565 474 608 necessaria
486 564 489 619 Ι
502 563 530 606 ad
543 576 580 606 eas
594 565 657 618 qutun
670 562 769 606 facillime
782 560 922 617 reperiendae.

199 643 260 686 Hune
274 643 357 686 titulum
371 642 464 697 sequitur
479 641 522 695 (t'ol.
537 655 551 683 a
564 642 584 694 ‘ll
605 640 695 683 auctoris
709 640 798 683 Praevia
813 638 947 681 Manuduotio

146 720 174 762 ad
187 722 307 775 sequentem
324 718 425 772 lndicem,
445 719 480 774 qui
495 718 530 761 tol.
545 731 558 760 a
571 719 592 759 3³
603 719 660 773 (pag.
674 719 695 771 5)
710 716 795 772 orditur,
809 719 829 759 et
840 715 875 759 fol.
887 715 918 758 kh
929 718 947 755 lb

146 798 203 854 (pag.
220 796 358 852 1311111111,
374 802 445 839 omnes
460 809 522 839 uoces
533 795 590 839 hebr.
601 798 621 838 et
632 794 700 837 chald.
713 794 883 850 praecedentium
895 793 947 837 Gon-

121 879 122 882 ’
146 873 300 917 oordantiarum
312 873 384 916 ordine
395 872 527 929 alphabetico
542 872 599 915 hebr.
616 872 647 914 ita
661 871 767 926 exhibens,
782 874 804 913 ut
817 870 891 926 cuique
900 871 947 914 uoci

145 951 202 994 hebr.
217 963 254 994 seu
267 950 335 994 chald.
349 964 391 994 uox
405 963 488 1006 graeca,
507 963 549 1004 qua
562 950 585 992 in
597 950 694 993 versione
707 948 767 991 LXX
779 948 867 1003 Interpr.
881 951 947 990 trans-

145 1027 189 1070 lata
205 1030 246 1083 est,
267 1031 288 1070 et
302 1028 369 1070 latina
382 1027 526 1083 interpretatio
541 1026 615 1069 addita
627 1027 659 1070 sit.
687 1026 739 1069 Eius
753 1025 845 1081 paginae
859 1025 910 1067 item
924 1025 947 1066 in

146 1104 198 1147 duas
213 1105 319 1148 columnas
334 1107 382 1148 sunt
397 1095 485 1148 diuisae.

198 1183 248 1226 Post
261 1183 317 1226 hunc
330 1182 424 1226 Iudicem
436 1182 510 1225 addita
519 1186 567 1226 sunt
578 1182 618 1230 duo
631 1181 775 1225 additamenta
783 1182 813 1224 sic
821 1180 932 1236 inscripta:

225 1259 309 1315 Duplex
325 1260 328 1315 Ι
345 1259 517 1303 Additamentum
532 1260 535 1314 Ι
553 1244 588 1302 ad³
601 1259 766 1316 praecedentes}
782 1257 946 1303 Concordantias

278 1337 377 1392 Graecas,
389 1339 392 1390 Ι
405 1350 491 1392 quorum
504 1337 564 1380 Prius
579 1338 671 1380 continet
682 1337 684 1393 Ι
697 1337 789 1380 Lenicon
802 1336 905 1380 Graecum
918 1334 946 1377 ad

278 1414 375 1470 Heuapla
397 1414 524 1470 Origenis3l
549 1414 728 1470 comprehendens
741 1414 744 1468 Ι
759 1401 862 1456 Plurimas
884 1424 946 1456 voces

279 1490 371 1534 Graecas
389 1504 401 1534 e
416 1491 506 1535 residuis
523 1491 657 1546 Fragmentis
672 1492 779 1534 variarum
792 1489 947 1546 Interpretatio-

271 1581 327 1610 num
339 1569 342 1620 Ι
354 1568 436 1611 Veteris
455 1560 595 1624 Testamenti,
615 1582 690 1625 nempe
704 1568 804 1624 Aquilae,
820 1565 947 1623 Symmachi,

279 1645 430 1689 Theodotionis
441 1645 574 1700 aliorumque,
587 1647 590 1701 Ι
603 1645 700 1689 collectas
712 1649 732 1688 et
741 1644 866 1688 inordinem
875 1643 947 1699 alpha-

206 1727 207 1730 ’
227 1748 229 1751 v
276 1721 367 1765 beticum
385 1720 481 1768 redactas
493 1722 495 1776 Ι
509 1724 535 1774 al
549 1721 607 1764 Dour·
621 1721 729 1765 Bernardo
748 1721 774 1764 de
792 1720 946 1776 illontia-noorai
1015 1757 1017 1760 ,

278 1798 383 1841 Posterius
395 1800 398 1852 Ι
409 1798 437 1851 D.
456 1797 563 1841 Lamberti
578 1798 620 1841 Bos
625 1832 630 1854 ,
643 1798 645 1852 Ι
664 1798 796 1842 Succinctam
810 1798 947 1841 Oollationem
1013 1848 1015 1852 ¹

136 1926 138 1929 y
278 1874 366 1917 duarum
379 1874 500 1917 Editionum
514 1874 695 1918 Francolurtensis
708 1877 730 1918 et
743 1874 864 1918 Vaticanae.

145 1950 170 1992 In
180 1949 231 1993 folio
245 1951 302 2005 (³¹²2),
316 1949 372 2005 qrrod
386 1949 442 2000 huno
455 1949 539 1992 titulum
554 1950 652 2006 sequitur,
667 1951 785 1994 Trommius
803 1949 876 2005 refert,
896 1950 947 2006 quid

145 2025 251 2082 impulerit
270 2025 366 2069 Editores
387 2026 517 2082 Bibliopolas
536 2026 735 2070 Oonoordantiarum
753 2033 846 2083 suarum,
865 2032 888 2070 ut
907 2028 947 2070 hoc

144 2103 238 2147 Lexioon
258 2103 362 2147 Graecum
385 2102 413 2145 ad
430 2102 527 2159 Hexapla
550 2103 647 2158 Origcnis
670 2104 728 2160 operi
747 2118 784 2148 suo
803 2104 946 2159 adiungerent.

147 2181 184 2234 ¹7i
198 2180 307 2236 plagulae,
325 2180 347 2222 in
366 2179 441 2235 quihus
461 2179 500 2223 hoo
513 2180 604 2223 Lenioon
617 2181 747 2236 continetur,
763 2181 839 2224 litteris
854 2182 946 2236 (al—(s)

146 2257 241 2312 (quarunt
256 2257 330 2300 ultima
343 2256 459 2312 dimidiam,
474 2260 555 2299 ceterae
565 2257 660 2313 singulas
669 2258 766 2314 plagulas
775 2259 947 2315 complectuntur)

145 2334 242 2388 signatae
257 2336 310 2389 sunt,
325 2336 346 2376 et
359 2340 455 2376 numeros
464 2332 580 2389 superiores
597 2337 668 2376 1-71
679 2335 763 2378 habent.
791 2335 842 2378 Eius
855 2335 947 2391 paginae

145 2410 167 2452 in
182 2408 235 2452 duas
249 2410 356 2453 columnas
370 2412 418 2452 sunt
431 2409 520 2453 divisae.
535 2435 559 2439 -
588 2410 693 2455 Posterius
710 2412 882 2455 Additamcntum
901 2425 947 2455 oon-

145 2487 198 2529 tinet
213 2487 225 2528 9
239 2486 336 2543 plagulas
351 2486 432 2539 [al—[il
447 2486 548 2542 signatas,
565 2499 652 2541 quarum
666 2489 756 2544 primum
775 2489 847 2531 folium
865 2488 947 2543 titulum

145 2563 272 2619 peculiarem
290 2563 352 2606 huius
366 2562 505 2605 additamenti
523 2563 618 2619 exhibet,
638 2564 660 2606 in
675 2565 765 2609 secundo
780 2567 799 2618 [a
813 2567 831 2618 2}
845 2578 894 2621 pag.
909 2565 946 2607 ΙΙΙ.

145 2640 263 2683 'Prommius
281 2639 371 2694 indicat,
390 2640 429 2683 hoo
448 2639 620 2683 Additamentum
639 2643 753 2697 posterius,
772 2655 812 2697 quo
831 2642 947 2684 continetur

145 2716 233 2759 duarum
251 2715 366 2760 editionum
382 2717 442 2759 LXX
462 2717 611 2773 interpretum,
635 2731 710 2774 nempe
729 2718 909 2762 Francot‘urtensis
927 2722 948 2760 11

145 2794 266 2848 Vaticanac,
280 2808 305 2837 co
321 2794 407 2837 consilio
423 2807 469 2837 esse
483 2795 541 2851 operi
556 2808 593 2838 suo
608 2782 745 2849 subiunctum,
760 2799 783 2838 ut
796 2796 860 2846 lector
873 2794 946 2838 editio-

145 2871 178 2913 nis
193 2870 373 2914 Francoiurtensis
387 2885 405 2914 a.
422 2873 479 2913 1597.
493 2872 613 2927 impressae,
628 2886 691 2927 quam
703 2872 816 2915 Kircherus
830 2875 850 2914 11
866 2872 947 2927 ipsein

146 2947 266 3002 digerendis
281 2961 305 2990 ac
319 2947 441 3005 ordinandis
457 2948 615 2991 Oonoordantiis
629 2950 695 2992 secuti
709 2949 763 3005 sint,
781 2952 802 2991 et
819 2961 890 2991 carum
905 2948 947 2991 edi-
