2205 3578
398 313 585 348 roccaconurnn.
665 296 666 299 ’
894 312 920 345 xr

116 414 173 457 XVI.
189 413 293 466 adultum,
312 413 335 455 id
349 416 381 456 est
395 412 423 455 ad
439 415 490 453 1526
508 413 561 456 t'orte
575 418 596 456 ct
608 413 663 455 ultra
678 411 786 468 impressis
800 412 919 453 constanter

116 490 202 545 legitur,
217 504 242 533 ex
256 504 296 545 elno
309 490 451 544 consequitur,
465 490 519 532 hanc
534 490 618 532 tertiani
631 489 718 533 tbrrnanr
732 495 834 531 retentant
849 486 919 542 qrroad

117 567 231 610 sententias
252 568 274 609 in
289 566 413 622 Anglioanis
431 566 548 622 longiores,
561 570 585 609 et
595 567 698 609 leviorem
712 564 816 609 redditam
831 564 861 606 ita
874 561 918 620 pla-

116 644 189 697 cuisse,
204 647 226 686 ut
240 643 339 705 deinceps
354 644 381 686 ab
396 643 491 686 onrnibus
506 648 596 699 excepta
607 644 634 686 sit
649 648 669 686 et
682 643 760 698 ubique
773 641 918 697 multiplicata.

115 720 167 763 Eius
187 720 265 763 tbrrnae
285 721 420 764 concinnator
442 720 658 777 apluribus,·etiarn
676 733 689 761 a
708 719 797 772 eretitio
815 718 920 761 iudicatur

116 796 210 840 eiusdem
228 797 398 849 Praedicatorunr
419 790 504 841 Ordinis
521 797 601 841 sodalis
619 796 760 840 (tonradus
778 795 919 839 Albersta-
1006 848 1008 852 λ

115 873 203 928 tensIs
226 875 308 917 senior¹
339 875 372 916 rel
393 874 532 918 Gonradus
549 874 580 917 de
599 874 761 917 Halberstat
780 875 918 928 nuncupatus,
957 931 958 935 Ἰ
985 885 987 888 ·

116 950 151 1005 qui
167 951 205 993 snb
220 950 282 993 finenr
297 951 361 994 seculi
377 952 437 994 XIII.
451 951 549 1004 florebat,
566 954 587 994 et
601 963 656 994 anno
672 951 729 1005 1321,
744 949 833 992 viriam
848 948 920 1011 gratis

73 1029 76 1035 ’
115 1026 137 1068 in
158 1026 249 1082 capitulo
268 1027 362 1082 generali
380 1027 501 1070 Florentiae
516 1040 567 1070 suae
586 1026 708 1083 provinciae
722 1026 828 1069 Senoniae
843 1024 919 1067 ditlini-

91 1123 94 1128 ·
109 1089 148 1145 'tor
162 1102 222 1145 sedit.
352 1150 356 1157 ,
492 1104 494 1108 ⁴

169 1179 369 1223 (toncordantiarunr
392 1181 453 1223 buius
476 1181 560 1236 generis
581 1181 654 1224 titulus
678 1183 720 1223 est:
753 1179 920 1222 doricordoota'ce

116 1256 212 1309 truciores,
227 1273 273 1298 caro
288 1257 452 1310 cteottrrotr'b'oro,
467 1259 577 1314 adriaeque
592 1258 732 1310 circumuenti,
748 1264 791 1298 turn
805 1254 920 1312 tridentina-

116 1332 190 1374 dr'b'aro
206 1333 325 1375 tlictz'ooooa
362 1334 391 1377 Ut
407 1335 472 1377 lector
491 1338 614 1390 cognoseat,
634 1333 736 1389 quomodo
753 1332 920 1376 Ooncordantiae

93 1468 95 1471 v
115 1408 176 1452 huius
192 1405 272 1453 tertiae
295 1410 374 1454 tonnae
391 1412 418 1454 ab
437 1411 478 1453 illis
498 1411 622 1467 Anglioauis
639 1409 787 1466 prolixioribus
808 1412 829 1452 et
850 1408 920 1451 verbis

116 1486 185 1528 allatis
200 1489 220 1529 et
235 1487 326 1543 capitum
335 1487 439 1531 divisione
447 1488 552 1542 differant,
568 1487 641 1531 eadem
654 1486 777 1543 specimina,
789 1498 843 1541 quae
856 1498 920 1541 supra
949 1545 950 1548 Ἰ

116 1562 196 1605 exiliis
212 1564 283 1617 attuli,
303 1578 328 1606 ex
346 1564 378 1606 his
393 1564 467 1607 itidem
485 1564 585 1618 exhibeo,
605 1562 719 1607 securnlunr
733 1562 847 1606 editionem
860 1562 919 1605 Basi-

117 1639 208 1682 leensern
223 1641 273 1683 anni
289 1642 353 1683 1521„
375 1641 420 1684 Fol.
435 1642 490 1684 iutra
504 1640 664 1685 recensendam:
826 1639 829 1645 '

502 1751 535 1793 Aa

135 1818 137 1821 ⁴
163 1817 230 1856 Hiere.
247 1817 263 1855 Ἰ.
278 1817 294 1854 b.
311 1821 351 1856 Aca
366 1817 443 1857 domine
457 1819 505 1856 deus
520 1832 565 1857 ecoe
579 1817 645 1857 neseio
658 1818 718 1870 loqui.

227 1884 257 1923 14,
272 1886 290 1922 b,
307 1885 402 1934 prophete
418 1884 486 1922 [licnnt
500 1884 534 1924 eis.

163 1948 233 1987 Ezech.
249 1948 265 1987 4.
279 1949 296 1986 d,
311 1948 388 1987 domine
403 1949 451 1986 dens
467 1949 531 1986 anima
545 1963 588 1987 mea
603 1962 642 1987 uon
657 1952 692 1987 est.

218 2012 260 2056 20.
276 2026 292 2061 g.
308 2013 385 2052 domiue
401 2014 449 2050 dens
464 2012 502 2063 ipsi
519 2014 591 2051 dicunt.

164 2077 224 2116 lohel.
238 2077 254 2115 t.
267 2079 285 2116 d,
299 2078 349 2116 diei:
366 2078 412 2129 (puin
425 2091 485 2128 prope
501 2082 532 2116 est
545 2079 587 2117 dtes
604 2079 681 2118 dotnini.

480 2177 551 2221 Aaron

155 2238 213 2284 Erro.
229 2243 246 2280 t.
263 2257 277 2281 c.
293 2243 404 2292 egredietur
419 2243 439 2281 tn
454 2257 561 2282 occursum.

193 2326 197 2331 ’
229 2307 247 2346 7.
262 2322 277 2347 a.
292 2309 329 2346 erit
344 2310 506 2358 prophetaturis.

218 2373 247 2411 tt
263 2374 281 2411 d,
296 2377 315 2411 et
328 2374 366 2411 hur
379 2374 517 2426 sustentabant
530 2387 604 2413 manns.
619 2376 654 2412 etc.

148 2500 151 2520 ¹
168 2498 215 2536 Eius
229 2498 288 2536 vitam
302 2498 407 2548 descripsit
421 2498 492 2545 tlnctit'
505 2499 517 2537 l.
531 2500 543 2537 l.
558 2500 580 2538 Τ,
597 2502 611 2539 I.
625 2513 643 2549 p.
658 2499 697 2539 ott
712 2514 750 2552 sup,
770 2500 805 2539 nbi
822 2500 881 2539 etiam
896 2502 919 2539 dc

118 2552 179 2601 altero
205 2561 291 2600 eiusdem
315 2562 399 2600 nominis
423 2563 495 2601 iuniori
514 2564 599 2602 disserit.
619 2586 644 2592 -
668 2565 742 2602 Eodem
763 2565 849 2607 ductito
869 2570 919 2605 teste

118 2630 183 2665 exstat
196 2630 251 2664 vetus
267 2629 335 2665 horum
348 2629 533 2667 Cencordantiorurn
547 2630 568 2667 in
582 2630 631 2679 ipsis
641 2630 782 2681 typographiae
794 2631 919 2670 incunabulis

118 2693 178 2730 editio
195 2693 269 2742 absque
284 2692 336 2738 loco,
357 2706 407 2732 tanne
421 2694 451 2731 vel
467 2695 544 2735 nornine
563 2695 690 2745 typographi,
711 2708 793 2746 quarum
808 2697 919 2746 exemplum

116 2757 150 2795 t'cl.
167 2771 217 2795 max,
250 2757 331 2796 Parisiis
350 2758 372 2795 in
390 2759 520 2797 cremitarum
535 2760 721 2807 hrrgrrstinianornm
737 2759 857 2799 bibliotheca
875 2762 919 2811 ipse

117 2822 175 2870 vidit,
191 2824 215 2860 nd
230 2823 286 2861 cuius
301 2824 374 2861 calccur
390 2824 417 2861 sic
432 2824 514 2872 legitur:
538 2827 568 2863 I‘r.
586 2828 670 2864 Coruodt
684 2828 706 2862 ce
723 2827 844 2873 nasceretur,
863 2826 919 2864 cuins

117 2888 168 2925 forte
182 2900 253 2926 nornen
267 2889 288 2925 in
301 2888 367 2926 codice
381 2888 426 2936 stc,
441 2902 499 2940 quern
513 2890 640 2942 excipiebant
654 2889 743 2937 editores,
760 2890 788 2928 sic
802 2890 919 2941 inscriptum

117 2952 238 2992 invenerunt.
