2205 3578
432 307 620 343 PROLEGOMENA.
633 326 635 329 >
864 305 932 340 LXVII

125 406 263 462 nequivimus.
290 406 384 449 Maxima
402 420 428 450 ex
451 410 511 462 parte
531 405 587 460 dini,
605 405 695 461 quiain
710 404 785 447 maiori
803 404 841 446 illa
853 404 931 447 Frobe-

125 484 190 526 niana
202 482 258 526 Novi
273 482 393 526 testamenti
407 482 520 537 editione,¹
544 483 566 525 in
585 482 728 538 Evangelistis
746 482 889 538 potissimum,
910 484 932 523 et

72 580 74 583 >
126 561 147 603 in
158 560 219 603 Pauli
232 549 260 603 ad
269 561 378 603 Romanos
392 563 412 602 et
427 559 546 602 Corinthios
561 559 666 615 epistolis,
685 559 790 614 quaedam
805 572 843 614 per
859 558 931 601 literas

126 637 341 694 intereapitulationes
360 650 386 680 ex
402 636 498 692 antiquo,
517 636 558 678 nisi
573 636 643 691 fallor,
658 636 739 680 Graeoo
753 635 845 691 quodam
858 635 930 679 eorliee

125 715 256 769 assignatae:
279 727 332 769 qnae
347 714 397 769 quia
410 713 437 756 ab
452 713 513 756 initio
531 714 640 768 neglectae
654 714 743 767 inerant,
757 712 833 755 infiniti
851 712 930 755 laboris

126 791 180 845 erat,
201 791 319 846 negleetnnr
337 790 446 846 oorrigere.
474 790 502 832 Et
516 790 652 833 correxissem
666 803 723 845 sane,
742 790 783 832 nisi
796 788 930 833 doctissimus

125 867 217 922 quidam,
232 867 316 917 etmihi
325 867 519 921 eoniunetissirnus,
535 870 556 909 et
570 867 687 910 diutissime
701 868 723 909 in
738 879 844 910 saerarum
860 866 930 909 litera-

124 958 169 987 rum
185 944 253 987 studio
267 947 368 999 versatus,
382 957 416 986 me
429 944 456 987 ab
470 943 539 986 inutili
553 943 592 986 lroo
601 943 673 986 labore
685 944 815 987 retraxisset:
837 943 860 985 id
873 942 929 997 quod

123 1035 195 1064 verum
214 1023 259 1064 erat
277 1021 360 1075 disens,
378 1021 556 1076 nre'Tlreologiae
572 1020 685 1064 eandidato
705 1020 752 1076 plns
767 1020 808 1063 hae
822 1032 887 1075 opera
899 1020 928 1062 in-

123 1097 310 1153 eommodaturum,
327 1111 390 1151 otram
403 1097 542 1155 profuturum,
561 1111 608 1141 oum
623 1110 659 1141 eas
672 1111 752 1153 parvae
765 1097 870 1141 editiones
884 1096 928 1139 nul-

123 1175 156 1217 lae
170 1174 281 1218 habeant.“
299 1214 300 1217 ,
588 1220 589 1223 Ἰ

175 1254 268 1297 Nomina
288 1254 374 1310 propria
393 1254 417 1307 in
436 1242 476 1296 hoo
494 1252 548 1296 libro
571 1253 694 1308 afferuntur,
716 1254 767 1297 item
790 1254 927 1316 Pronomina;

121 1329 240 1384 Adverlriis,
254 1330 447 1386 Praepositionibus
457 1333 478 1372 et
488 1330 675 1373 Ooniuootionibus
688 1329 810 1386 plerumque
820 1343 874 1373 unus
882 1333 927 1372 tan-

121 1408 165 1448 tum
179 1409 216 1448 aut
229 1407 329 1461 perpauei
344 1406 385 1450 looi
399 1406 472 1450 biurio
486 1406 553 1449 additi
567 1410 621 1462 sunt,
634 1420 652 1449 e.
666 1420 683 1448 o.
699 1407 746 1449 voei
760 1404 784 1446 od
800 1407 927 1461 nnusloous,

120 1477 144 1522 ori
160 1479 184 1522 od
199 1483 217 1531 3,
235 1479 283 1522 aridi
294 1483 312 1531 3,
327 1480 362 1523 οὐκ
376 1484 394 1531 2,
410 1479 445 1523 oo'u
462 1479 490 1523 ἔτι
505 1483 523 1532 3,
538 1483 565 1530 εἰς
579 1485 597 1532 4,
611 1483 631 1523 ἐκ
645 1486 661 1533 1,
677 1483 697 1523 ἐν
711 1484 729 1533 3,
748 1482 795 1537 arpi
809 1484 826 1533 3,
848 1483 864 1523 ei
877 1485 895 1533 5,
911 1482 928 1523 εἰ
989 1525 991 1527 ,

121 1556 143 1598 dt
155 1555 190 1612 μή,
206 1558 223 1598 εἰ
236 1557 257 1598 dl
268 1555 297 1612 μή
310 1574 330 1612 pr
346 1560 363 1608 3,
384 1561 405 1609 [a
416 1560 491 1613 qrrilrus
508 1560 525 1599 ri
536 1559 565 1613 μὴ
581 1573 627 1602 oum
641 1562 653 1600 a
667 1560 719 1603 loeis
734 1561 796 1615 longo
811 1560 880 1616 spatio
895 1573 925 1603 se-

121 1638 218 1689 paratum
233 1638 271 1689 est,
285 1635 369 1678 affertur
381 1636 437 1678 enim
450 1635 533 1678 denmnr
549 1640 597 1691 post
610 1634 732 1691 εἶλικρινής),
750 1637 806 1679 aliae
823 1637 926 1680 eiusmodi

122 1711 282 1775 vooesomnino
296 1711 386 1754 omissae
398 1716 446 1754 sunt
460 1715 483 1754 ut
497 1709 544 1763 ἀπό,
558 1710 614 1763 ἀλλά,
627 1711 672 1768 γάρ,
687 1712 729 1766 μέν.
757 1714 782 1756 ln
793 1714 926 1769 Nominibus,

120 1787 279 1830 Pronominilrus
293 1791 314 1829 et
328 1787 403 1830 Verbis
416 1787 530 1831 flexionum
543 1789 622 1832 termae
631 1790 753 1845 plerumque
762 1804 804 1834 non
814 1791 926 1845 seiungun-

120 1870 162 1918 tur,
181 1864 292 1918 aliquoties
312 1868 382 1907 tamen
401 1878 427 1907 ex
445 1869 505 1920 parte
527 1865 611 1920 quidem
625 1865 664 1909 hoe
681 1866 759 1909 laetum
773 1869 811 1922 est,
832 1879 850 1909 e.
865 1880 882 1910 e.
898 1866 926 1910 ad

120 1953 192 1983 vooem
207 1934 258 1990 door,
273 1936 312 1981 door
325 1954 393 1996 neqne
405 1953 493 1996 genera,
508 1954 576 1996 neque
590 1954 651 1985 easus
664 1946 799 1999 separantur,
815 1943 926 1986 seiunetim

119 2030 169 2060 vero
183 2017 297 2061 afferuntur
311 2013 360 2062 door
375 2013 429 2068 ὅσον,
450 2013 554 2073 ἐφ’ὅσον,
569 2021 617 2059 καθ’
630 2014 689 2070 ὅσον,
705 2014 758 2076 ὅσῳ,
773 2020 823 2062 item
838 2017 925 2074 ἀγαθὸν,

119 2093 149 2142 nd,
164 2090 240 2147 dyada
256 2094 281 2133 ad
297 2098 318 2136 et
331 2091 411 2148 ἀγαθὸς
428 2093 509 2137 Adieot.
525 2100 654 2150 separantur.
665 2096 752 2156 —wai
766 2096 926 2139 Substantivum

121 2182 167 2212 oum
182 2169 280 2212 adiunoto
294 2170 375 2225 aliquid
385 2170 498 2226 specialius
510 2170 622 2226 signifieat,
634 2185 681 2214 eum
691 2172 731 2214 hoo
743 2173 854 2215 seiunctim
866 2173 926 2215 affer-

119 2249 153 2287 tur
171 2246 245 2289 eadem
267 2246 357 2301 ratione,
379 2259 420 2300 qua
439 2246 482 2288 ianr
500 2246 562 2301 Hugo
581 2260 595 2289 a
612 2247 689 2290 Sanoto
708 2247 776 2290 Charo
793 2247 843 2291 l'eoit
863 2249 925 2308 (oonl'.

119 2333 183 2376 supra
194 2336 215 2377 p.
225 2322 297 2375 11111),
315 2323 345 2364 sio
367 2322 405 2366 sub
420 2335 440 2364 v.
455 2319 499 2369 υἱός
513 2322 603 2377 primum
622 2323 736 2366 afferuntur
749 2324 796 2378 loei,
810 2325 833 2366 in
848 2324 923 2379 quibus

119 2397 165 2439 sine
184 2397 286 2440 eiusmodi
310 2397 409 2440 adiuueto
423 2398 522 2453 ooourrit,
547 2397 625 2442 deinde
643 2399 694 2453 loei,
715 2400 829 2454 inquibus
848 2400 925 2454 legitur

106 2468 162 2520 'otor
175 2474 231 2522 ereo,
246 2472 290 2521 vide
305 2470 419 2528 ἀνθρώπου
433 2478 472 2517 ele.

159 2560 160 2565 ¹
173 2550 283 2604 Tanquam
298 2550 405 2605 speoimen
415 2550 476 2593 huius
490 2551 560 2606 operis
574 2551 637 2594 allero
652 2552 697 2595 eins
711 2552 803 2595 initium:

496 2627 541 2670 ΛΑ.

504 2694 528 2733 Α

265 2757 317 2815 Ἐγώ
330 2760 369 2813 εἶμι
384 2760 408 2801 rd
422 2776 435 2799 or
447 2760 478 2800 καὶ
494 2760 518 2801 ad
533 2776 554 2802 ar.
581 2761 669 2817 Apdettl.
684 2765 700 2805 l.
716 2767 737 2806 el
751 2764 776 2804 22

149 2878 152 2897 ¹
164 2876 181 2912 N
183 2888 238 2913 ovum
248 2875 394 2912 destamentum
404 2874 525 2922 recognitum
534 2887 545 2912 a
554 2875 690 2914 Desiderio
700 2878 745 2914 lira
752 2890 800 2915 snro
810 2891 854 2915 oum
863 2891 922 2917 anno-

120 2939 226 2979 tationibus
234 2940 327 2978 eiusdem.
342 2940 432 2995 Basileae
440 2940 490 2990 apud
499 2940 586 2978 Ambros.
599 2941 721 2988 Frobenium,
731 2940 787 2981 1541,
797 2942 854 2981 1512.
868 2944 908 2983 Fol.

755 3008 767 3047 5
774 3009 784 3032 r
