2205 3578
200 268 268 303 LXXII
506 269 692 305 PROLEGOMENA.

200 366 310 421 sequentia
332 367 431 412 exlribcnt
452 368 515 411 Henr.
538 368 639 423 Stephani
661 366 815 410 dedicationem
837 365 865 408 ad
883 365 1002 422 Principem

200 441 327 496 Mauritium,
340 443 430 486 Hassiac
438 443 601 497 Lamtgravium,
617 443 704 497 eiusque
712 442 863 498 praefationem
878 454 914 485 seu
926 441 1002 497 episto-

200 518 243 561 lam
258 518 286 560 ad
304 520 409 575 lectorem⁷
428 519 500 563 tolium
514 520 643 574 subsequens
657 519 729 563 album
743 522 780 562 est.
808 519 826 561 A
840 518 875 562 t'ol.
889 519 908 561 Α
924 519 932 558 1
948 517 1002 561 ordi—

201 598 263 637 untur
281 595 448 652 Oorrcordantiae
466 596 536 651 ipsae,
555 596 573 638 A
588 598 614 636 2³
635 596 704 639 habet
717 609 823 638 uulnerum
843 594 970 650 superiorem
984 597 1002 649 3,

201 671 260 713 dub
277 674 311 727 ib,
333 671 352 714 Α
371 672 468 715 er-YY
483 673 516 726 dr,
533 673 560 732 in
579 672 638 715 cuius
652 671 721 715 medio
739 684 791 728 opus
804 670 885 725 finitur,
907 683 1003 714 numeros

202 749 309 803 12-535,
323 748 396 791 ultima
411 761 459 803 pag.
473 752 540 791 vacat.
568 749 661 791 Namara
676 761 725 804 pars
740 748 832 804 paginae
847 748 884 789 53r
895 750 916 790 et
928 760 948 803 p.
957 748 1002 789 535.

202 824 310 867 continent
324 825 475 882 Supplementa
489 826 532 868 suis
548 826 600 869 locis
613 825 762 869 interserenda

255 902 326 944 Prima
340 902 539 945 Ooneordantiarum
553 902 632 958 pagina
646 903 676 945 sic
690 903 792 959 inscripta
802 907 844 946 est:

282 978 384 1022 Recensio
399 980 490 1022 omnium
504 980 560 1023 Test.
574 979 629 1022 Novi
642 980 645 1033 Ι
657 980 754 1035 locorum,
768 980 790 1022 in
804 980 879 1035 qvibvs
892 993 956 1023 vnvm
968 982 971 1033 t
983 981 1004 1022 et

335 1055 392 1099 idem
407 1056 531 1099 venabulum
546 1050 628 1111 legitur.
640 1059 643 1108 t
655 1055 715 1112 bertoo
731 1056 794 1108 dicta,
807 1055 810 1110 t
825 1055 1001 1108 Corrcordanto'oet

339 1132 469 1174 Testamenti
479 1132 544 1173 Noai.
558 1133 561 1185 t
577 1132 601 1174 In
613 1132 646 1175 his
660 1131 711 1186 quid
725 1132 848 1187 praestitum
862 1131 895 1185 sit,
909 1131 1003 1187 praetixa

336 1208 364 1250 ad
378 1209 476 1252 lectorem
489 1208 579 1264 epistota
592 1207 658 1251 docet.

203 1285 270 1328 Huius
284 1285 352 1340 operis
361 1285 453 1341 paginae
460 1285 482 1327 in
491 1289 532 1327 trcs
541 1285 647 1328 columnas
656 1276 738 1328 divisae
745 1288 799 1340 sunt,
814 1298 900 1340 quarum
908 1298 1003 1340 qriaeqne

202 1362 277 1412 iterum
291 1362 313 1404 in
327 1362 388 1405 binas
402 1362 463 1405 lineis
478 1365 586 1417 separatas
600 1360 709 1404 subdivisa
720 1365 761 1404 est:
787 1375 850 1404 unam
865 1365 976 1417 angustam
990 1375 1004 1404 a

203 1439 289 1481 sinistra
302 1439 403 1495 positam,
423 1440 445 1481 in
464 1452 506 1494 qua
524 1439 616 1494 capitum
634 1451 771 1493 vcrsrurmque
789 1438 870 1484 numeri
884 1438 1003 1492 afferuntur,

203 1515 291 1558 alteram
305 1529 318 1557 a
332 1515 414 1568 dextra,
434 1516 498 1558 mutto
512 1516 618 1570 latiorem,
632 1516 654 1558 in
668 1529 711 1570 qua
725 1528 789 1559 voees
802 1528 891 1570 graecae
904 1515 1002 1569 alphabe-

202 1592 244 1635 tico
259 1605 295 1635 suo
309 1591 381 1635 ordine
395 1592 519 1648 dispositae,
540 1605 634 1647 quaeque
651 1605 698 1635 cum
715 1592 781 1635 latina
795 1592 966 1648 interpretatione
982 1595 1003 1634 et

203 1668 318 1711 subiunctis
332 1669 384 1711 locis
395 1669 421 1711 N.
434 1669 466 1722 T,
484 1668 506 1710 in
521 1668 596 1723 qrribus
610 1668 751 1724 reperiuntur,
771 1681 835 1724 supra
850 1680 885 1711 eos
899 1668 920 1710 in
933 1668 1001 1711 medio

202 1745 270 1788 lineae
285 1745 338 1788 liber
351 1745 451 1799 biblicus,
470 1759 495 1788 ex
512 1758 552 1800 quo
566 1745 625 1788 allati
641 1749 694 1807 surrt,
713 1745 823 1788 indicatur.
850 1744 942 1788 Nomina
955 1758 1001 1800 pro-

203 1822 259 1877 pria,
280 1822 317 1865 ubi
337 1822 484 1878 inscriptiones
505 1826 562 1875 sunt,
584 1821 660 1865 titteris
679 1821 805 1875 turmalibus,
827 1834 881 1875 quae
899 1820 1002 1875 dicuntur,

202 1898 303 1941 distincta
321 1902 369 1941 sunt
387 1912 404 1941 e.
419 1912 436 1942 c.
454 1894 560 1953 Α”ΒΕΛ,
581 1905 663 1941 ceterae
680 1910 742 1942 voces
760 1898 874 1954 inscriptae
893 1898 1002 1953 inprimis

204 1977 228 2016 15
243 1975 328 2030 paginis
342 1976 420 2018 mdlam
434 1975 513 2019 habeut
528 1975 690 2031 distinctionem,
704 1988 746 2032 qua
759 1975 841 2017 tacitius
854 1960 1002 2029 cognoscerem

191 2056 241 2107 tur,
255 2065 304 2107 pag.
320 2054 412 2094 tit-20.
427 2066 451 2095 eo
466 2053 626 2108 distinguuntur,
640 2051 695 2107 qriod
709 2052 773 2094 etiam
786 2050 878 2094 secunda
891 2051 949 2094 vocis
969 2051 1001 2093 tit-

203 2132 249 2172 tera
262 2129 336 2172 maiori
350 2129 483 2185 exprimitur,
502 2132 524 2171 ut
538 2125 639 2183 As'prog,
658 2125 782 2182 Μ’γιαλός,
801 2125 898 2178 Arata,
917 2117 1001 2180 Affpo,

203 2205 253 2248 inde
268 2219 281 2247 a
295 2219 344 2261 pag.
359 2207 398 2260 25,
417 2206 466 2248 inde
485 2219 498 2248 a
511 2206 575 2249 verbo
590 2203 718 2246 Άκολουθέω
733 2218 770 2261 per
784 2194 850 2248 totum
863 2218 915 2260 opus
929 2204 1002 2248 eodem

203 2283 262 2337 signo
275 2283 368 2338 praefixo
382 2282 547 2339 distinguuntur,
562 2282 617 2337 (prod
631 2283 653 2324 in
666 2282 755 2325 Betuleii
771 2277 929 2326 Concordantiis
943 2281 1002 2324 adhi-

203 2359 263 2402 betur
277 2362 298 2402 et
311 2359 340 2401 ad
353 2359 400 2402 illas
414 2373 478 2414 snpra
492 2370 585 2418 putrui.
600 2359 727 2414 descriptum
741 2362 779 2402 est.
800 2358 870 2401 Etiam
877 2358 1002 2401 Nominibus

202 2436 292 2491 propriis
303 2435 417 2491 praefixum
430 2440 467 2479 est.
583 2417 587 2425 ’

256 2512 289 2555 De
303 2512 554 2568 latinainterpretatione,
568 2526 622 2567 ottae
632 2513 727 2556 omnibus
740 2513 1002 2568 g1·aecisvocibus(etiam

134 2583 136 2587 ’
203 2589 328 2641 Nominibus
347 2590 455 2645 propriis),
474 2589 509 2632 ubi
526 2589 685 2644 inscriptionum
701 2590 768 2633 instar
785 2590 907 2643 affemntur,
930 2589 1003 2632 addita

203 2670 240 2721 est,
255 2666 318 2708 Henr.
333 2665 452 2722 Stephanus
467 2667 489 2708 in
504 2666 541 2709 illa
553 2665 683 2721 praefatione
697 2666 759 2710 ret'ert
773 2667 860 2710 haecce:
888 2666 1001 2721 „Adiungi-

203 2747 235 2786 tur
252 2743 363 2797 unicuique
377 2743 478 2787 vocabulo
493 2746 513 2786 et
525 2756 563 2786 sira
576 2743 719 2798 interpretatio
735 2744 818 2796 Latina,
833 2747 875 2797 auu,
889 2743 924 2786 ubi
939 2756 1002 2786 unum

203 2820 272 2875 plures
287 2820 360 2874 habet,
379 2820 520 2875 adiunguntur
537 2819 556 2863 ei
575 2832 625 2862 suae
644 2819 835 2875 interpretationes,
849 2833 861 2862 e
875 2820 1002 2863 doctissimis

203 2896 319 2951 quibusque
334 2897 492 2952 interpretibus:
507 2896 627 2940 nonnullae
641 2897 703 2940 etiam
718 2910 744 2940 en
758 2896 795 2939 illa
812 2910 859 2940 mea
872 2897 1001 2940 Testamenti
