2205 3578
190 256 251 290 LVIII
438 231 439 234 Ἴ
497 259 686 295 Puonneonnun.

243 355 365 411 LeLongl.
376 355 418 412 lp.
428 358 474 399 456.
492 357 546 400 inter
558 357 724 402 (loneordantias
737 372 826 415 graecas
840 364 941 404 memorat
954 360 993 404 has

191 443 274 486 puroque
290 431 318 475 ael
332 432 380 475 illas
393 432 520 476 Kiroheri
535 425 626 489 quodam
639 435 701 479 modo
716 440 845 492 speetantes:

271 508 369 565 Epitome
379 509 580 553 Coneonlantiarum
590 511 717 555 Graecarum
725 513 829 568 Kiroheri‚
838 514 865 557 ab
876 514 993 558 Arnolelo

325 586 422 629 Boetia
434 586 535 631 eonl'eeta.
565 587 622 630 Bt'bl.
638 589 769 646 Sopateranoo
780 606 833 648 pop.
843 591 874 632 37.
926 612 927 615 ¹

272 653 439 707 Ooneorelantiae
455 664 549 728 Graeeae
564 664 646 708 Veteris
659 666 716 709 Test.
731 666 841 712 Hebraiois
860 667 947 711 voeilrus
963 682 993 711 re-

325 740 458 796 spondentes,
475 741 520 785 sine
535 742 626 785 conradi
639 742 736 786 Kirolreri
746 743 912 788 Ooneordantiae
926 745 994 788 inver-

323 829 370 871 sae,
385 819 397 857 2
410 817 459 860 vell.
473 816 508 860 fol.
537 817 638 860 Btblr'otl.
654 818 774 861 Bodleiano
789 821 846 862 eodel-
855 822 975 863 selo-47.

272 893 438 937 Coneordantiae
458 893 557 937 librorum
572 894 655 938 Veteris
671 896 802 939 Testamenti
821 898 993 953 Apoerpplrorum

325 970 530 1026 Graeoo-Danieae,
564 971 709 1016 Kiroherianis
735 972 880 1028 pensatores,
910 978 994 1017 auetore

324 1047 472 1090 Franoiseo
486 1047 614 1091 lliehaele
623 1049 739 1104 VogeHo,
752 1049 774 1092 in
785 1050 807 1091 8θ
816 1049 908 1093 nondum
917 1050 993 1094 editae.

325 1124 388 1166 Novo
403 1124 512 1167 Lo'terora‘o
526 1123 594 1167 illaria
605 1125 703 1168 Bolitai
714 1129 769 1169 ottrta'
782 1128 832 1169 lues
843 1144 893 1185 pap.
909 1129 953 1170 210.

429 1272 448 1312 2.
462 1271 607 1314 Abrahami
626 1272 759 1315 Trommii.

245 1359 413 1403 Abrahamus
427 1359 530 1402 Tromm
547 1360 617 1413 (natus
630 1373 653 1405 a.
667 1361 724 1402 1633.
743 1361 774 1403 23.
789 1360 842 1416 Aug.
866 1361 993 1417 Groningae,

191 1436 267 1480 studiis
289 1436 417 1479 aeaelemieis
440 1436 543 1479 absolutis
562 1436 585 1478 in
604 1436 723 1479 Helvetiam
740 1436 846 1492 profeetus
863 1437 961 1481 Basileae
980 1451 994 1481 a
1039 1433 1041 1435 ’

190 1513 297 1557 Buxtorfio
318 1513 392 1568 lingua
413 1512 513 1556 hebraica
530 1513 638 1557 institutus
661 1517 704 1568 est,
731 1517 805 1569 postea
826 1514 853 1556 alt
876 1514 951 1557 itinere
971 1515 994 1557 in

191 1590 283 1634 Galliam
302 1594 322 1633 et
336 1590 436 1645 Angliam
454 1588 510 1633 laeto
529 1602 625 1633 reversus
644 1603 663 1632 a.
680 1591 738 1641 1671,
768 1590 873 1634 Paroolrus
892 1591 994 1634 ecelesiae

154 1689 156 1691 ·
191 1666 342 1722 Groninganae
357 1670 379 1709 et
395 1668 449 1708 1717.
464 1666 501 1709 Dr.
514 1666 587 1710 Theol.
601 1671 739 1722 nuneupatus,
758 1680 776 1709 a.
795 1669 850 1709 1719.
865 1667 884 1710 [l.
899 1668 930 1710 29.
942 1667 993 1710 llaii

190 1747 283 1787 mortuus
300 1745 350 1798 est),
369 1746 481 1798 postquam
495 1742 659 1786 Ooneordantias
673 1743 771 1798 Belgieas
789 1744 811 1786 in
825 1756 885 1786 usum
898 1744 993 1799 Belgioa-

190 1833 237 1862 rum
251 1820 394 1863 Eeolesiarum
408 1819 435 1862 ab
450 1820 497 1875 ipso
511 1819 630 1863 elaboratas
644 1820 724 1875 publioi
738 1819 789 1862 iuris
802 1819 886 1874 l'eeerat,
900 1820 993 1863 animum

191 1897 275 1939 induxit
288 1896 316 1939 ad
331 1895 497 1940 Goneonlantias
510 1908 599 1951 graeoas
618 1896 640 1938 in
654 1896 735 1939 Veteris
749 1897 879 1939 Testamenti
894 1910 993 1952 graeoam

190 1974 308 2017 versionem
326 1973 387 2016 LXX
400 1973 539 2028 Interpretum
559 1972 726 2026 eoneinnandas,
745 1977 802 2015 ratus
821 1973 923 2016 eiusmodi
942 1973 993 2017 uiris

191 2050 258 2094 doetis
276 2050 354 2105 ubique
373 2034 474 2093 terrarum
496 2050 517 2091 in
535 2048 640 2092 volvenda
657 2049 821 2104 meelitanelaque
839 2049 882 2092 ista
897 2050 994 2093 versione

191 2127 247 2170 haud
256 2127 333 2182 exiguo
340 2127 387 2170 usui
397 2126 498 2181 lutrarum,
512 2139 562 2168 nani
572 2129 719 2181 praeterquam
729 2125 784 2180 quod
796 2125 852 2168 illius
860 2126 993 2169 Kirelteriani

190 2204 260 2259 operis
269 2204 373 2260 impressa
381 2203 432 2246 olim
443 2203 540 2257 exempla
551 2201 630 2245 dudum
637 2201 764 2245 tleieeissent
772 2216 811 2245 neo
819 2215 912 2257 utiquam
919 2215 993 2246 reeusa

191 2284 271 2335 essent,
285 2280 417 2323 intellexerat
431 2292 513 2335 quaeque
526 2278 579 2321 illud
593 2291 645 2335 opus
660 2292 728 2334 neque
742 2293 767 2322 eo
782 2279 861 2334 ordine,
875 2292 915 2334 quo
929 2279 992 2322 (lebui-

190 2361 241 2411 erat,
254 2357 373 2400 institutum
387 2369 439 2410 esse,
452 2369 520 2410 neque
534 2369 560 2398 ea
574 2368 629 2411 eura,
645 2368 686 2410 qua
697 2358 799 2411 potuerat,
813 2354 923 2398 formatum
933 2356 992 2398 lima-

190 2437 275 2488 tumque
288 2434 359 2476 t'uisse.
387 2432 444 2484 Quos
458 2446 507 2476 vero
519 2432 613 2476 detentus
626 2445 747 2487 naevosque
763 2432 785 2474 in
800 2444 825 2473 ea
840 2431 992 2475 animadverte-

190 2511 223 2564 rit,
237 2510 355 2553 aeeuratius
368 2510 390 2552 in
403 2508 534 2565 praefatione
546 2510 579 2552 sui
592 2509 663 2565 operis
675 2509 778 2565 exposuit.
810 2507 862 2549 Ila
870 2512 924 2562 suant,
938 2522 993 2564 quae

190 2587 213 2629 in
229 2587 265 2629 illo
278 2586 365 2639 omnino
380 2576 513 2628 reformanda
527 2599 574 2629 esse
588 2586 689 2641 putarim·

269 2664 363 2720 plamaton
376 2662 429 2705 illud
439 2666 477 2717 est,
491 2662 548 2717 quod
559 2665 631 2706 auster·
642 2662 666 2704 in
677 2662 717 2705 hoe
724 2675 787 2717 opere
798 2662 911 2703 sectionum
921 2662 992 2717 capilla-

325 2741 392 2782 beium
401 2740 521 2781 hebroinum
530 2739 638 2795 procedat,
654 2752 701 2782 otlm
715 2742 785 2781 tarmen
797 2738 871 2780 utatis
885 2738 954 2801 operis
965 2738 992 2781 sit

327 2816 495 2859 Colaoolulontt'ae
510 2815 604 2857 Graecae
609 2832 616 2870 ,¹

271 2893 360 2936 <altorem
379 2894 402 2936 in
425 2906 450 2936 eo
473 2892 577 2947 oonsistit‚
600 2891 656 2948 quod
674 2891 701 2934 ab
719 2892 766 2949 ipso
785 2895 815 2935 tot
831 2907 932 2949 perverso
946 2891 992 2934 loeo
