2205 3578
402 304 590 340 Paeaneonnna.
859 304 903 338 XIII

100 403 175 446 indicis
194 417 236 446 nou
252 403 337 458 quidem
357 411 435 459 perse
455 404 534 459 ipsum,
554 403 632 459 quippe
648 403 684 458 qui
703 402 788 446 maioris
803 402 903 445 momenti

99 480 189 535 negotiis
204 478 330 536 implicatior
345 484 396 534 erat,
410 480 448 523 sed
462 493 500 536 per
513 474 652 523 amanuenses
666 492 714 522 suos
729 480 808 536 primus
823 482 844 522 et
859 492 902 522 eer-

98 559 132 598 tus
147 560 179 599 est
188 561 270 599 ‘rtrretou
299 556 360 608 Quod
375 570 427 612 opus
442 569 521 599 summo
540 556 622 599 illorum
640 556 711 599 labore
725 555 841 599 confectum
855 568 902 598 oum
919 550 921 554 ⁴

67 622 68 625 ¹
99 633 216 688 accepisset
236 634 325 676 Ioannes
349 633 376 675 de
395 632 486 676 Seoubia
504 633 577 676 ordine
595 632 729 688 alphabetico
744 631 862 687 distribuit,
882 635 903 674 et

98 709 191 764 prologo,
206 710 264 752 euius
277 713 358 765 partem
371 709 462 752 mediam
474 709 535 752 modo
547 709 614 763 attuli,
625 707 717 768 praefixo
727 709 750 751 in
758 709 826 751 lucem
837 707 902 751 dedit.

99 786 181 829 Primus
200 786 256 842 typis
277 786 381 829 commisit
395 785 532 829 Sebastianus
551 786 617 828 Brant
638 785 755 829 Gmmanus
773 798 828 828 anno
845 786 902 834 trae,

99 862 204 905 Frobenio
216 862 349 918 typographo
364 875 420 904 usus.
447 862 492 905 Hoc
506 875 559 918 opus
572 862 696 917 inscriptum
710 865 753 905 est:
770 860 902 903 Concordem-

100 940 141 980 lr'oc
153 940 248 994 portubus
262 940 305 981 eloe
318 939 432 987 dr'ctr'ortrun
448 938 631 994 indeclinabilium
646 939 709 993 totius
724 937 816 980 Biblr'oe.

152 1015 185 1057 Er
196 1016 237 1057 hac
247 1014 447 1058 Ooncordantiarum
460 1016 549 1074 historia
562 1015 674 1070 hucusque,
684 1014 773 1067 dueum
787 1014 845 1068 duce,
855 1028 901 1071 pro-

99 1092 170 1146 posita
184 1092 261 1135 elucet:

131 1171 145 1210 t.
155 1168 290 1223 Hugonem
305 1168 334 1211 ele
349 1172 443 1210 sancto
459 1168 543 1211 Oharo
559 1168 649 1224 prinmm
667 1181 703 1210 eas
720 1180 843 1223 aggressum
856 1179 903 1209 esse

180 1248 201 1286 et
215 1258 254 1300 ope
269 1257 352 1288 suorum
366 1244 469 1287 sodalium
483 1238 596 1301 perfecisse
610 1244 662 1287 locis
675 1247 757 1286 tantum
771 1243 880 1307 indicatis5

126 1323 145 1363 2.
156 1322 283 1364 loannem
297 1321 329 1364 de
343 1321 516 1376 Derlington,
531 1320 672 1363 Ricardum
687 1320 718 1362 de
732 1319 903 1375 Stavenesby

181 1398 275 1452 aliosque
283 1398 362 1453 Anglos
370 1397 453 1441 sodales
463 1411 500 1440 eas
509 1397 593 1441 auxisse
603 1396 631 1440 ad
639 1397 696 1440 locos
702 1396 806 1439 indicatos
813 1395 902 1439 adiectis

181 1487 253 1516 sacrae
269 1474 390 1530 Scripturae
403 1474 519 1527 sententiis,
533 1473 571 1517 sed
585 1474 707 1529 plerumque
723 1472 864 1528 longioribus,

127 1552 146 1592 3.
156 1551 209 1593 Gon
215 1550 262 1592 rad
268 1564 307 1593 rim
322 1550 353 1593 de
368 1550 531 1593 Halberstat
549 1550 633 1592 tertiam
647 1562 718 1593 earum
732 1550 821 1592 termam
834 1562 902 1592 susee-

181 1628 238 1683 pisse
262 1627 393 1671 breuiorihus
417 1627 521 1682 capitibus
547 1640 584 1683 per
602 1629 695 1682 quatuor
720 1630 801 1669 tantum
821 1626 903 1668 litteras

182 1703 286 1746 distinctis
305 1707 326 1761 et
345 1703 455 1746 sententiis
469 1703 590 1759 Scripturae
609 1716 681 1746 sacrae
700 1717 727 1746 ex
745 1706 805 1758 parte
824 1702 903 1756 recisis,

181 1785 201 1823 et
215 1782 246 1824 sic
261 1780 422 1823 commodiorem
435 1780 577 1835 levioremque
591 1779 719 1835 reddidisse,

126 1860 145 1900 d.
155 1858 279 1900 loannem
293 1857 325 1900 de
339 1856 458 1911 Ragusio
471 1856 621 1912 particularum
633 1857 814 1900 indeclinabilium
826 1859 849 1900 in
861 1859 903 1914 pris

180 1934 251 1977 oribus
269 1931 394 1976 omissorum
413 1933 490 1976 alteras
509 1933 675 1977 Ooncordantias
693 1934 808 1977 tentavisse
828 1937 849 1977 et
863 1948 903 1990 ope

182 2011 341 2053 amanuensium
353 2008 472 2065 perfecisse,
482 1993 484 1999 ¹
681 2010 683 2012 ’

101 2102 187 2144 quorum
199 2103 284 2144 operum
299 2089 340 2130 tria
355 2088 425 2144 priora
439 2087 509 2130 seculo
525 2069 707 2143 Xffl.,'qua1·l1m
721 2090 791 2132 seculo
805 2091 851 2134 XV.
865 2092 903 2134 oir-

101 2166 152 2208 eiter
167 2165 236 2208 medio
251 2165 346 2208 coniecta
360 2165 408 2207 sint.

154 2242 252 2296 Denique
262 2240 335 2292 Quotii'
344 2242 357 2283 l.
367 2241 380 2283 l.
390 2241 414 2283 T.
426 2241 441 2282 l.
453 2242 517 2296 paui
528 2240 603 2283 refellit
611 2254 654 2295 eos,
664 2243 699 2297 qui
707 2242 780 2285 dicunt
790 2243 904 2285 Antonium

100 2319 127 2360 de
146 2317 220 2361 Padua
243 2317 323 2360 ordinis
346 2317 450 2359 lllinorum
473 2317 576 2374 eiusmodi
599 2310 765 2362 Ooncordantias
788 2307 903 2374 collegisse.

100 2394 179 2448 Utique
201 2393 368 2436 doraum-dorric
388 2392 478 2434 litorales
501 2393 646 2448 concinnavit,
673 2407 727 2448 quae
747 2408 796 2437 vero
815 2395 843 2438 ab
862 2395 904 2437 illis

101 2470 185 2512 omniuo
197 2469 305 2523 differunt,
325 2469 425 2512 exhibent
439 2470 600 2512 enim-locorum
614 2483 686 2513 sacrae
704 2470 823 2526 Scripturae
843 2471 904 2514 colle-

101 2546 192 2588 ctionem
201 2546 261 2587 iuuta
272 2545 325 2587 uitia
335 2549 355 2587 et
365 2546 453 2589 virtutes
463 2546 597 2601 digestorum,
606 2561 648 2589 non
655 2547 805 2590 uocabulorum
812 2547 904 2590 indicem

101 2622 273 2677 alphabeticum.¹
296 2622 409 2665 Praeterea
415 2622 504 2669 diluitur
513 2636 569 2666 error
577 2637 655 2676 eorum,
667 2624 703 2679 qui
711 2627 792 2679 putant,
800 2625 903 2667 Arlottum

131 2810 135 2830 ¹
149 2807 191 2845 Hae
207 2806 367 2854 Ooncordcntiae,
378 2809 430 2845 teste
444 2807 499 2846 Mart.
514 2807 597 2857 Lipenio
610 2808 632 2846 in
646 2808 770 2848 Bibliotheca
782 2808 831 2846 reali
845 2809 904 2847 theo-

101 2872 165 2920 logica
178 2872 230 2910 Tom,
243 2872 259 2910 l.
273 2884 291 2920 p⁴
307 2870 362 2920 385.,
383 2871 498 2921 prodierunt
516 2872 544 2910 sie
563 2872 681 2922 inscriptae:
710 2875 761 2911 Ant.
776 2874 805 2912 de
819 2874 904 2911 Padua

103 2935 257 2974 Concordantiae
276 2935 361 2992 Morales
376 2936 409 2974 SS,
424 2936 532 2975 Bibliorum
546 2950 590 2975 enm
604 2940 673 2976 Annot.
688 2938 760 2983 Romse
777 2936 833 2983 1623„
849 2943 867 2978 4.
