2205 3578
232 270 291 306 LXVI
538 268 725 305 PROLEGOMENA.

232 371 347 411 memorata
360 368 434 412 addita
448 369 488 423 est)
504 368 610 412 continent
624 366 795 421 Oonccrdantias‚
809 365 884 409 iisdem
894 366 976 422 graecis
987 379 1033 410 ucr-

232 445 272 501 bis,
286 459 299 488 a
313 445 389 501 quibus
403 446 476 489 titulus
491 445 576 502 orditur,
591 447 709 501 inscriptas.
737 443 815 487 Omnes
830 457 900 487 earnm
910 443 1002 499 paginae
1010 443 1032 485 in

232 522 285 565 duas
295 523 401 566 columnas
417 522 498 566 divisae
513 526 567 577 sunt,
581 536 635 578 quac
647 526 717 565 autem
730 535 772 565 rnen
783 521 845 576 linea,
860 520 897 563 sed
910 520 954 563 solo
964 519 1032 576 spatio
1098 564 1099 567 ,

231 599 355 655 interposite
376 600 402 643 ab
427 599 518 651 invicem
539 603 683 655 secernuntur,
702 598 843 655 peculiaribus
862 585 1032 653 inscriptionibus

231 680 309 719 carent.
336 676 403 720 Voces
417 690 513 731 graecae,
528 675 556 730 ad
570 689 622 730 quas
633 676 674 719 loci
683 676 756 720 biblici
768 676 795 719 iis
807 674 911 719 subiuncti
921 674 1032 730 pertinent,
1086 710 1087 713 ,

231 756 254 795 ut
268 753 344 796 clarius
359 754 514 809 conspiciantur
524 758 587 808 atque
602 767 615 795 a
634 754 685 797 locis
699 754 752 810 ipsis
766 753 931 808 distinguantur,
950 751 972 793 in
990 763 1032 792 me-

230 829 265 873 dic
280 830 349 873 lineae
362 831 444 886 positae
458 834 506 873 sunt
517 830 610 887 praefixo
625 831 691 886 signe,
710 830 766 885 qued
780 829 848 874 simile
864 832 896 879 est
913 828 995 872 litterae
1008 827 1032 882 P,

230 907 289 949 cuius
306 907 396 949 rotunda
413 920 463 962 pars
479 910 524 950 atro
542 907 610 950 colore
628 907 713 963 expleta
731 906 759 949 ad
777 907 883 949 sinistram
893 917 960 959 uersa,
975 907 1032 947 recta

230 996 280 1026 vero
294 996 343 1039 pens
357 983 465 1039 duplicata
479 987 517 1026 est.
544 984 584 1026 His
602 984 689 1027 vocibus
706 983 749 1026 fere
768 981 864 1026 omnibus
880 983 971 1038 (practer
983 994 1031 1036 par-

229 1062 272 1102 tem
285 1059 392 1102 nominum
404 1059 535 1115 propriorum
549 1049 640 1102 adimeta
659 1062 691 1103 est
709 1059 776 1102 latina
791 1058 940 1123 interpretatio.
967 1057 1031 1101 Liber

229 1136 319 1180 biblicus
340 1140 361 1180 et
378 1150 475 1180 numerus
493 1137 579 1192 capnitis,
604 1150 629 1179 ex
651 1150 692 1191 quo
710 1137 767 1180 locus
785 1137 880 1190 affertur,
903 1136 921 1178 si
940 1135 1031 1191 spatium

229 1214 299 1256 lineae
314 1227 327 1256 a
340 1214 411 1258 verbis
422 1214 504 1269 graecis
517 1227 559 1257 non
573 1214 674 1270 expletur,
687 1200 769 1269 utrique
779 1214 802 1255 in
810 1212 885 1255 dextra
893 1212 961 1255 lineae
970 1214 1030 1267 parte

230 1293 323 1333 extrema
337 1290 465 1346 indicantur,
485 1291 521 1334 nbi
535 1303 593 1346 vcro,
613 1294 698 1346 propter
710 1290 788 1332 lincam
806 1288 875 1333 verbis
889 1289 941 1344 ipsis
960 1288 1030 1343 exple-

229 1370 278 1421 tam,
291 1368 314 1409 in
328 1352 430 1422 peculiari
443 1367 500 1410 linea
513 1367 672 1422 subiunguntur,
685 1380 760 1410 nomen
775 1366 823 1409 libri
832 1365 906 1409 biblici
914 1365 936 1407 in
945 1364 1030 1407 sinistra

228 1444 341 1499 peculiaris
360 1444 429 1486 lineae
447 1448 518 1499 parte,
535 1457 632 1487 numerus
647 1444 722 1500 capitis
741 1443 854 1487 secunctim
870 1443 892 1484 in
906 1441 980 1485 dextra
995 1455 1029 1484 ex-

228 1523 295 1563 trema
306 1522 396 1576 ponitur.

282 1598 315 1640 De
330 1594 394 1653 opere
407 1610 444 1640 suo
458 1599 481 1639 in
494 1597 614 1640 uniuersum
629 1601 700 1640 auctor
713 1597 735 1639 in
749 1597 880 1653 praefatione
893 1596 975 1652 fatetur,
993 1584 1029 1639 eli-

228 1674 305 1717 matius
318 1674 359 1717 hoe
373 1674 453 1717 obsolvi
468 1674 567 1729 potuisse,
581 1674 599 1716 si
613 1673 640 1716 ab
655 1674 714 1717 initio
729 1674 799 1728 aliter,
813 1686 875 1728 quam
890 1674 969 1716 latinae
977 1674 1029 1716 Con-

228 1750 350 1794 cordantiae
363 1752 411 1806 sint,
423 1751 554 1794 instituisset.
581 1751 614 1792 De
626 1750 730 1805 methodo,
742 1764 785 1805 qua
798 1750 863 1793 verba
875 1746 951 1804 graeca
960 1750 1028 1804 diges-

228 1828 285 1882 serit,
300 1827 322 1869 in
337 1827 411 1870 eadem
424 1827 554 1883 praefatione
568 1827 598 1869 nil
612 1827 674 1870 refert
687 1828 728 1870 nisi
738 1827 802 1870 hacc:
823 1827 1028 1883 „Digessnnuspas-

228 1905 275 1946 siva
288 1907 308 1947 et
319 1903 390 1946 media
404 1904 431 1947 ab
447 1905 528 1958 activis,
543 1904 581 1946 sed
590 1905 696 1959 utriusque
706 1904 819 1959 participia
828 1917 911 1946 suorum
918 1897 1028 1947 uerborum

227 1981 354 2024 thematibus
368 1981 518 2024 subiunximus.
545 1981 715 2036 Participialibus
726 1985 796 2023 tamen
805 1981 921 2036 peculiares
933 1980 1028 2024 dedimus

227 2057 394 2113 insc1·ipticnes.“
421 2058 454 2099 De
469 2057 640 2112 interpretatione
655 2058 722 2100 latina
736 2058 822 2101 vocibus
837 2057 917 2112 graccis
930 2058 1028 2113 apposita

227 2134 307 2177 ibidem
321 2133 378 2189 dicit,
393 2134 434 2176 sibi
448 2133 475 2177 ab
489 2134 549 2177 initio
563 2147 638 2177 uocum
656 2134 839 2189 interpretationes
857 2133 948 2176 adiicere
962 2134 1028 2177 consi-

226 2209 278 2251 lium
290 2222 333 2251 non
347 2209 421 2262 fuisse,
440 2209 478 2252 sed
492 2210 515 2251 in
532 2210 580 2265 ipsa
595 2209 677 2253 demum
688 2211 761 2266 'operis
776 2210 912 2266 dispositione
926 2211 1027 2253 rationem

226 2286 249 2328 id
264 2287 365 2340 suasisse,
385 2286 415 2328 ita
433 2290 455 2329 ut
473 2287 585 2329 latinorum
598 2287 713 2330 bibliorum
723 2288 826 2342 Vulgatac
838 2286 936 2330 editionis
950 2287 1027 2330 versio-
1047 2331 1051 2336 ,

226 2375 281 2417 nem,
295 2363 406 2416 aliquoties
414 2363 550 2419 Erasnricam,
563 2364 652 2418 interim,
664 2364 765 2419 neglectis
774 2363 951 2417 translationibus,
963 2363 1027 2417 signi-

227 2439 334 2483 ficationes
354 2440 376 2482 in
392 2440 478 2483 buccam
493 2441 601 2483 venientes
615 2440 760 2495 assignaverit.
788 2441 883 2494 Denique
901 2440 957 2495 quod
972 2440 1027 2483 solos

227 2518 319 2573 capitum
336 2530 433 2560 numeros
451 2517 510 2559 libris
528 2518 611 2560 biblicis
629 2518 773 2573 adscripserit,
791 2517 871 2560 ibidem
884 2518 915 2560 sie
930 2520 1025 2560 excusat:
1081 2569 1082 2572 Ἰ

226 2593 328 2649 „Latinae
347 2593 524 2646 [Gorrccrdantiae]
543 2608 606 2637 trinam
622 2595 701 2638 habent
714 2594 892 2649 commoditatem,
912 2607 974 2649 quam
988 2607 1026 2637 nes

226 2672 310 2726 assequi
329 2673 415 2714 minime
433 2655 553 2727 potuimus*
570 2672 626 2715 Nam
645 2685 682 2728 per
702 2675 747 2714 tota
765 2671 836 2715 Biblia
854 2672 937 2727 singula
955 2672 1026 2728 capita

226 2748 351 2803 quibusdam
365 2748 471 2790 literarum
481 2747 635 2792 characteribus
649 2752 697 2792 sunt
706 2749 842 2803 interstincta,
854 2749 929 2804 qulbus
938 2750 960 2791 in
973 2749 1025 2792 Ocn-

226 2825 340 2868 cordantiis
358 2824 432 2867 literae
450 2824 584 2881 respondent:
608 2825 683 2880 quibus
701 2826 751 2880 quia
770 2826 897 2870 Graecorum
910 2825 1025 2869 Bibliorum

225 2901 328 2945 editiones
348 2902 441 2945 maxima
465 2915 491 2945 ex
508 2906 568 2958 parte
585 2906 667 2956 carent,
689 2902 714 2945 id
735 2903 791 2957 quod
811 2903 920 2958 noluimus,
941 2902 1024 2957 assequi
