2205 3578
454 260 640 304 Puonneonnun.

281 360 429 415 derivatorum,
438 360 472 403 uel
484 373 530 402 cum
540 359 615 403 iisdem
627 359 781 415 quoquomodo
793 360 951 416 congruentium

281 437 450 480 convenientia:
467 437 534 479 Voces
558 436 678 480 Chaldaeae
701 450 755 492 qrrae
778 437 909 494 reperiuntur
928 437 951 479 in

280 514 340 557 libris
358 514 449 567 Hezrae,
473 517 494 556 et
513 513 591 556 Daniel
610 514 670 556 iuxta
688 514 838 557 Hebraiearum
857 514 951 557 ordinem

281 593 380 634 accurata
399 604 463 647 opera
479 589 585 645 digestae:
607 591 755 646 Interpretatio
771 591 849 633 Latina
862 590 890 633 ad
905 605 950 634 ver·
1017 644 1019 649 .

255 661 256 664 ¹
281 668 340 711 hum:
355 660 429 710 addita
442 667 464 709 in
477 667 572 722 margine
585 667 645 710 varia
658 667 748 711 lectione
761 668 864 722 Vulgatae
877 667 950 711 editio-

280 744 320 800 nis,
335 748 356 786 et
372 728 512 800 Septuaginta
526 744 665 800 interpretum
680 743 708 787 ad
722 744 837 799 quamlibet
851 745 950 803 cuiusque

281 820 378 864 thematis
392 820 502 875 Hebraici,
523 820 674 876 Chaldaicique
689 821 803 864 eliotionem
821 821 910 865 fideliter
924 836 950 865 ac

281 897 392 953 diligenter
406 897 532 940 examinata.

227 988 319 1033 Nomina
331 1001 412 1043 utroque
427 988 513 1044 propria
524 988 627 1042 Hebraea,
642 993 663 1030 et
672 988 780 1032 Chaldaea
793 988 891 1042 virorum,
906 1002 949 1031 mr*

281 1066 364 1119 lienum,
378 1065 513 1121 populorum,
527 1064 641 1119 idolorum,
654 1065 746 1119 urbium,
760 1064 880 1120 duriorum,
892 1079 949 1109 mon-

281 1143 339 1197 tium,
354 1145 522 1196 caeterorumque
537 1142 702 1196 loeorum,quae
717 1143 739 1184 in
747 1142 823 1185 Bibliis
833 1142 935 1197 leguntur.

231 1233 293 1285 uuae*
305 1233 348 1275 suis
360 1232 444 1288 singula
456 1232 514 1286 locis,
528 1235 549 1275 et
562 1232 636 1275 ordine
650 1232 783 1288 alphabetico
799 1233 913 1288 srrccincte,
924 1247 949 1277 ac

465 1308 557 1352 dilucide
571 1309 703 1365 explicantur

227 1421 283 1464 AR.
297 1421 320 1464 P.
332 1421 393 1465 Doot.
408 1421 442 1463 Fr.
456 1421 523 1464 hlario
537 1420 563 1464 dc
578 1420 662 1464 Calasio
678 1420 763 1463 Ordinis
776 1421 827 1463 urin.
841 1421 868 1464 de
881 1422 948 1465 obser.

249 1498 320 1544 Sancti
332 1479 440 1541 Francisci
454 1498 514 1540 Prov.
526 1497 584 1540 Rom.
599 1479 694 1552 Linguae
705 1497 796 1540 Sanctae
809 1498 933 1542 Professore.

146 1588 187 1630 Hic
205 1587 264 1630 Tem.
280 1587 296 1628 I.
315 1577 514 1629 Concordantiarum
534 1587 625 1641 (praeter
646 1586 669 1625 tn
687 1585 739 1628 t'olia
756 1585 818 1629 modo
837 1585 949 1642 descripta,

147 1676 234 1718 quorum
249 1675 287 1705 sex
301 1662 371 1717 priora
385 1665 456 1704 carent
470 1662 585 1716 signatura,
599 1674 636 1704 sex
647 1661 714 1704 altera
728 1663 813 1717 signata
827 1667 875 1705 sunt
882 1663 948 1718 lttt)

147 1739 287 1783 eontinet‘ltb
302 1738 399 1794 plagulas
414 1738 488 1781 litteris
498 1738 576 1792 A-Z,
590 1738 692 1791 Aa—Zn,
707 1739 834 1782 Aaa-Oco
843 1740 949 1796 signatas,

147 1829 235 1871 quarum
250 1828 344 1871 quaeque
360 1816 371 1856 3
386 1815 483 1871 plagulas
498 1814 647 1869 complectitur.
674 1814 709 1857 Ad
727 1814 766 1858 has
784 1815 904 1870 signaturas
918 1818 948 1859 in-

146 1893 233 1936 feriores
252 1892 355 1935 accedunt
373 1892 395 1934 in
413 1905 496 1946 quaque
513 1891 593 1946 pagina
608 1893 629 1945 [a
646 1890 720 1933 dextra
735 1894 756 1934 et
770 1890 890 1947 asinione)
905 1893 949 1936 bini

147 1968 228 2011 numeri
240 1968 368 2024 superiorem
389 1980 527 2023 unaquaeque
542 1968 597 2010 enim
612 1967 690 2023 duplici
705 1967 762 2010 linea
776 1967 847 2011 media
860 1969 882 2011 in
896 1969 948 2014 duas

147 2048 218 2101 partes
232 2048 263 2087 cst
276 2043 356 2099 divisa,
375 2057 440 2099 qtrae,
456 2044 493 2087 ubi
506 2057 547 2086 non
561 2043 737 2098 significationum
753 2044 915 2089 declarationem
928 2051 949 2089 et

148 2121 295 2164 convenientia
311 2121 401 2164 aliarum
417 2121 541 2176 linguarum,
555 2120 593 2164 sed
606 2121 668 2174 locos,
683 2120 794 2175 inquibus
809 2121 870 2164 radin
886 2115 948 2177 quae-

147 2197 196 2240 dam
210 2198 321 2252 invenitur,
335 2197 440 2250 exhibent,
456 2197 530 2240 iterum
542 2197 633 2252 simplici
641 2197 699 2240 linea
708 2197 821 2253 bipartitae
832 2202 886 2254 sunt,
898 2212 948 2255 qua-

146 2277 231 2330 propter
247 2274 349 2330 plurimae
367 2274 459 2329 pagina-c
475 2273 641 2329 qrradripartitae
659 2277 768 2329 apparent.
800 2274 841 2317 Hic
854 2275 912 2318 Tem.
925 2277 948 2331 I,

147 2351 182 2405 qui
199 2350 234 2393 fol.
249 2350 293 2394 Ooo
308 2352 338 2405 6²,
361 2363 410 2406 pag.
427 2352 477 2392 1438
494 2350 575 2405 finitur,
593 2351 737 2406 complectitur
751 2349 833 2403 radices
847 2337 948 2397 alitteris

147 2426 214 2468 n—t
234 2426 364 2482 incipientes.

200 2505 278 2549 Tomus
291 2507 318 2550 ll.
332 2508 354 2550 in
368 2509 436 2564 primo
451 2508 500 2552 folio
515 2507 604 2552 cundem
617 2508 699 2550 titulum
711 2506 831 2562 generalem
845 2505 909 2550 habet
923 2521 948 2550 ac

146 2580 205 2624 Tem.
216 2582 232 2624 I.
237 2615 243 2643 ,
257 2583 301 2627 solo
316 2585 377 2627 Tomi
391 2598 475 2628 rnrmero
489 2589 575 2628 nrrrtatc.
605 2585 630 2627 ln
648 2584 782 2638 subsequenti
796 2583 845 2626 folio
861 2583 880 2626 A
894 2585 906 2624 2
921 2584 947 2627 si-

145 2661 209 2711 gnato
219 2660 296 2715 (page
308 2663 357 2716 eth)
372 2661 451 2705 orditur
466 2661 665 2705 Oonccrclantiarum
679 2660 772 2704 Tonall.
788 2659 815 2702 ab
829 2659 903 2703 eadem
916 2661 947 2702 in-
1004 2692 1012 2697 >-

146 2734 258 2790 scriptione
276 2750 301 2780 ac
314 2737 348 2781 tol.
364 2739 383 2781 A
397 2740 426 2792 (l)
444 2738 505 2781 Tomi
519 2739 535 2781 Ι.
563 2738 604 2781 Hic
617 2738 687 2792 Tem,
706 2736 847 2792 complectens
865 2736 947 2780 radices

146 2823 158 2851 a
172 2806 334 2857 titionum
350 2816 485 2872 incipientes,
503 2815 596 2858 eontinet
616 2816 651 2855 r5e
666 2813 764 2870 plagulas
780 2812 855 2855 litteris
870 2812 946 2867 A-Z,

145 2885 243 2944 ria-Za,
254 2888 372 2935 naa-uh
383 2893 484 2947 signatas,
499 2892 550 2933 1246
559 2904 623 2947 pagg.
637 2917 657 2921 ἠ
667 2892 746 2934 Tomus
754 2890 792 2933 ΠΙ.
801 2888 875 2933 eodem
883 2887 946 2931 modo
