2205 3578
427 315 614 350 PROLEGOMENA.
625 368 627 372 ,
871 313 929 347 LXIX

124 414 188 469 (qrrod
206 417 238 456 est
256 427 294 469 pro
313 410 437 467 ἐβουλήθην)
456 413 527 456 therua
545 413 607 456 datur
626 411 758 466 1666116661,
790 412 846 465 Quid
866 412 930 468 igitur

123 504 200 546 parens
214 491 288 533 meus?
309 490 366 533 idem
380 490 477 533 nimirum
492 490 548 545 quod
566 490 593 533 de
608 490 768 534 Gonoordantiis
786 490 869 533 Latinis
883 490 929 532 uni

123 580 229 611 versorum
243 566 369 623 Bibliorum,
384 567 494 610 eonsilium
512 567 569 623 iniit,
587 572 610 610 ut
624 568 737 611 reliotaea
751 580 805 622 unae
819 567 887 610 solum
902 580 929 609 ex

122 644 195 687 rivulis
210 644 308 687 hauserat
321 644 424 699 editione,
444 644 555 700 adipsum
572 645 651 688 fontem
665 646 764 699 veniens,
784 658 826 687 non
840 640 930 699 poeillis,

124 725 147 764 ut
160 721 203 775 alii,
219 720 257 763 sed
270 721 353 776 magnis
367 721 449 777 poeulis
462 724 543 764 tantum
554 722 653 777 hauriret,
668 725 769 777 quantum
778 720 806 764 ad
816 720 930 764 editionem

124 799 233 853 plenarum
252 797 453 841 Goneordantiarum
474 799 525 841 satis
546 798 610 842 t'oret:
639 799 735 854 quamvis
759 799 794 841 161
814 810 929 854 parmarum

123 878 228 930 guttarum
246 875 337 930 pretium
354 876 422 918 maius
438 875 480 919 fide
497 875 589 919 1111111111
602 880 664 920 esset.
692 877 741 919 Non
761 888 821 919 seous
837 875 929 917 enimet

123 954 196 1006 antea,
215 965 278 1007 quum
296 951 323 995 de
337 952 460 996 euoudendo
474 953 522 995 illas
542 951 708 995 Oonoordantias
722 951 810 994 Latinas
825 953 929 1006 ageretur,

122 1030 153 1072 ita
170 1042 192 1072 se
211 1029 239 1072 ad
256 1029 334 1073 bonum
348 1029 477 1085 reipublioae
496 1029 793 1085 1116161166,6161116166116,
812 1027 928 1070 animatum

122 1106 248 1160 ostenderat,
262 1110 285 1149 ut
299 1119 353 1161 quae
368 1107 443 1150 multos
458 1107 512 1150 alios
526 1106 677 1163 propemodum
692 1107 833 1149 exanimasset
846 1104 927 1159 magni-

122 1183 171 1225 tudo
191 1186 321 1239 sumptuum,
340 1196 387 1225 eum
406 1197 447 1225 non
466 1186 562 1226 terreret:
577 1183 650 1226 >immo
668 1196 696 1226 ne
713 1185 807 1226 moveret
823 1180 928 1236 uuidemf‘

122 1260 149 1302 Et
164 1260 286 1316 paulopost
300 1260 353 1303 haee
367 1260 437 1303 addit:
463 1261 559 1316 „Verum,
573 1250 596 1303 ut
610 1274 624 1302 a
637 1260 719 1303 Latinis
737 1260 780 1303 illis
795 1258 927 1302 (1611661166-

122 1337 157 1379 tiis
175 1337 214 1379 has
233 1336 261 1379 ad
280 1337 373 1381 Graecas
388 1342 491 1381 revertar:
509 1345 573 1393 16111111
585 1338 650 1380 multo
665 1337 751 1380 maioris
767 1349 813 1380 esse
827 1335 928 1379 momenti

122 1413 160 1457 has
174 1413 237 1457 soiret
251 1418 317 1469 pater,
332 1414 388 1469 quod
401 1414 492 1470 ipsamet
504 1414 635 1457 Testamenti
649 1414 699 1457 11611
713 1413 790 1468 verba,
799 1412 927 1467 minimeque

121 1484 147 1533 ex
160 1490 333 1546 interpretatione
341 1495 430 1547 sumpta,
445 1491 535 1537 offerant
548 1490 732 1546 (quemadmodum
739 1490 858 1533 Hebraieae
870 1490 926 1546 ipsa-

121 1570 163 1610 met
177 1568 307 1611 Testamenti
324 1569 401 1612 veteris
420 1569 486 1612 verba
499 1569 607 1622 exhibenti
626 1568 711 1611 nonnisi
724 1566 849 1624 Appendioe
864 1566 926 1610 eomi-

121 1648 186 1687 tatrrm
202 1645 264 1688 edere
279 1645 319 1688 hoe
333 1658 385 1701 opus
400 1648 512 1688 statuerat:
533 1647 556 1688 in
570 1645 689 1701 anabaud
703 1645 782 1700 absque
795 1643 927 1698 quorundam

119 1721 233 1765 amioorum
248 1721 345 1783 arruilio,
355 1722 456 1764 nonnulla
473 1722 611 1778 praestiturus
627 1726 681 1776 erat,
699 1722 775 1777 quibus
792 1721 877 1764 utiliora
890 1721 927 1763 vix

118 1798 206 1841 fortasse
222 1798 302 1854 sperari
319 1798 441 1855 potuissent.
469 1800 501 1843 Ao
517 1814 544 1843 ne
564 1813 604 1855 ego
619 1800 705 1854 quidem
722 1799 762 1842 hoo
777 1811 829 1855 opus
844 1798 925 1852 absque

118 1874 241 1932 Appendioe
256 1876 282 1929 (si
296 1889 338 1919 non
352 1877 436 1919 omuino
452 1880 495 1919 tam
509 1876 556 1919 utili
570 1889 633 1931 quarn
647 1879 736 1932 paterna
750 1876 787 1918 illa
801 1874 885 1930 fuisset,
904 1879 926 1917 at

119 1955 174 1995 eerte
194 1966 236 2002 nou
255 1966 330 2008 parum
349 1953 446 1997 utilitatis
463 1954 561 2007 allatura)
583 1954 641 1997 abire
661 1967 688 1997 ex
706 1967 754 1996 mea
775 1952 859 1996 oifioina
878 1965 924 2007 661·-

120 2029 232 2072 misissem:
252 2029 300 2084 nisi,
315 2042 378 2084 quam
393 2029 445 2072 mihi
460 2031 488 2073 ad
502 2029 680 2087 suppeditandum
695 2030 728 2073 his
742 2043 824 2085 quoque
840 2029 926 2084 sumpti-

119 2106 158 2149 bus
173 2106 216 2160 (qui
231 2119 255 2149 66
271 2107 361 2149 maiores
374 2106 438 2149 111111
457 2110 516 2149 616111
535 2119 576 2161 quo
591 2107 662 2162 plures
677 2106 786 2160 συνεργοὺς
800 2105 878 2149 habere
891 2120 925 2149 me

120 2183 238 2238 oportebat)
252 2195 375 2238 aperueram
389 2196 430 2226 non
442 2183 510 2225 minus
524 2183 634 2226 honestam
649 2196 712 2237 quam
726 2182 848 2239 expeditam
861 2183 925 2237 viam,

118 2260 191 2304 literae
205 2260 309 2315 quaedam
323 2259 508 2303 inter·elusissent.“
536 2260 569 2302 Ex
588 2260 625 2303 illo
645 2260 714 2316 priore
726 2259 864 2315 praelationis
878 2260 925 2303 1666

118 2337 175 2380 haud
187 2337 243 2380 61616
257 2337 336 2380 1166666
349 2337 437 2393 oolligo:

147 2414 165 2466 l)
179 2414 283 2457 Robert.
299 2414 452 2469 Stephanus
466 2415 520 2458 bene
534 2419 623 2458 noverat
636 2415 749 2458 utilitatem
759 2414 923 2458 (lonoordantia-

118 2505 163 2534 rum
185 2491 297 2533 latinarum
315 2491 342 2533 ab
363 2491 410 2546 ipso
429 2494 492 2534 antea
511 2505 645 2547 exousarrun,
669 2495 690 2534 et
708 2504 745 2535 suo
765 2492 810 2534 iure
824 2492 925 2547 sperabat

115 2567 215 2611 maiorem
236 2568 299 2610 etiam
319 2567 408 2611 1116111111
426 2569 526 2611 allaturas
548 2582 595 2612 esse
614 2569 790 2625 Oonoordantias,
810 2583 864 2624 quae
877 2585 921 2611 666

118 2644 238 2686 detrusionem
252 2660 278 2685 66
291 2643 380 2686 11161ίί61
401 2645 415 2687 i.
430 2658 447 2687 6.
463 2658 489 2687 ex
502 2645 598 2688 versione
606 2646 704 2700 qlladam,
718 2647 756 2689 sed
766 2663 791 2688 em
803 2647 849 2703 1666
858 2647 923 2702 forme

117 2721 130 2763 i.
143 2735 160 2764 e.
174 2735 186 2764 e
202 2724 260 2764 textu
275 2721 383 2776 originali,
402 2735 478 2778 nempe
492 2722 657 2766 Gonoordantias
671 2736 697 2766 ex
711 2724 738 2766 N.
748 2724 772 2766 T.
786 2738 921 2779 6166666611-

117 2799 218 2841 einnatas.

147 2892 151 2912 ¹
166 2889 198 2928 stu
211 2891 230 2929 h.
244 2890 324 2929 hetin
338 2892 429 2944 snbseqq.
443 2892 496 2944 typis
511 2893 592 2932 cursivis
606 2893 687 2942 designo
702 2894 761 2933 verba
776 2907 802 2932 ex
816 2893 851 2932 illa
865 2907 922 2945 prae-
944 2934 946 2938 ,

108 2953 190 2993 tatione
205 2968 216 2993 6
230 2968 260 2993 me
275 2955 364 3005 repetita.
389 2999 391 3002 ¹
